4372 6254
544 315 698 372 CODICIS
722 317 926 375 EURICIANI
949 321 1194 378 FRAGMENTA
1219 321 1295 382 306.
1320 322 1393 379 307.

436 505 581 573 COOVI.
630 508 698 574 lSi1
722 511 793 596 quis
817 512 989 598 episcopus
1012 512 1065 578 vel
1089 513 1274 603 presblyter
1297 515 1431 605 aliquid]
1502 545 1694 594 :aranea

502 624 632 700 praeter
656 638 816 680 consensu
840 617 996 706 omlnium
1020 622 1204 688 clericorum
1229 622 1269 686 de
1294 621 1356 711 re]-

502 720 563 786 bus
588 723 767 787 aecclesiae
792 724 901 789 facere
926 724 1122 813 cr[adiderit,
1146 730 1202 794 icoc
1217 728 1292 816 fir]-

502 855 586 893 mum
609 853 671 894 non
694 853 761 896 esse
786 831 1021 920 precipimlus¹3
1050 836 1119 900 nesi
1133 835 1295 924 praebeat]

502 940 609 1001 omnis
632 937 768 1002 clericus
793 938 997 1027 eonsenlsum
1020 966 1121 1022 suum,
1144 967 1198 1007 scu
1222 943 1260 1008 de
1276 942 1372 1032 fun]-

503 1042 543 1106 do
568 1066 626 1107 seu
649 1043 689 1108 de
713 1044 957 1110 hereditatibus.
1007 1045 1107 1134 [Filii
1126 1064 1228 1114 nutem
1253 1048 1340 1137 'clel-
1501 1078 1693 1128 :nnuman

501 1151 652 1232 ricorum,
678 1153 733 1237 qui
757 1163 859 1216 terras
883 1153 936 1216 vel
961 1151 1096 1240 [aliquid
1120 1177 1161 1218 ex
1185 1156 1301 1245 muni]-

501 1255 635 1321 ficentia
657 1258 817 1322 aeclesiae
840 1259 1031 1348 possidelnt,
1056 1262 1084 1324 si
1107 1262 1141 1324 in
1164 1261 1276 1351 laicos]

502 1366 651 1428 conversi
675 1364 795 1429 fuerint
817 1366 870 1430 vol
895 1365 948 1454 dle
973 1369 1105 1433 servitio
1130 1368 1321 1458 aecclesiae]

502 1469 722 1553 discesserint,
746 1472 799 1535 vel
822 1472 994 1561 amilttant,
1020 1476 1106 1560 quod
1119 1477 1361 1567 possidebantll,

501 1579 583 1642 iuste
608 1601 642 1642 rc
668 1629 675 1642 .
702 1629 708 1642 .
732 1578 779 1643 lat
825 1629 1333 1648 ..........

836 1689 946 1752 (Desunt
964 1710 1047 1744 amau
1066 1691 1102 1756 8.)

222 1861 610 1951 proaernnsplOCOVII.
658 1864 793 1929 Maritus
818 1867 844 1928 si
867 1868 962 1930 uxori
986 1866 1077 1956 su]ae
1101 1866 1225 1954 aliquid
1241 1868 1421 1952 donaverit,
1446 1869 1486 1934 de
1500 1895 1690 1945 :arunas

504 1969 587 2058 [boc,
612 1970 699 2057 quod
722 1971 884 2060 volluerit,
909 1975 1070 2060 scriptura
1094 1998 1153 2039 sua
1175 1998 1241 2039 mu-

504 2076 559 2165 [nu
582 2079 674 2162 signo
699 2078 781 2167 siv]e
805 2079 1041 2166 subscriptione
1066 2083 1180 2146 contir-

504 2182 590 2272 [met,
614 2185 717 2248 itaut
741 2184 818 2273 du]o
842 2197 897 2250 aut
920 2198 985 2251 tres
1010 2199 1108 2252 testes
1132 2192 1265 2278 inpanui

503 2289 763 2380 [subscriptorels
788 2292 963 2377 accedant3
988 2305 1021 2359 et
1044 2297 1091 2360 sie
1114 2296 1227 2361 volun-

504 2397 564 2486 [tas
588 2399 690 2484 ipsius
713 2398 843 2488 babeat]
868 2400 1063 2466 firmitatem.
1110 2404 1205 2467 Etsi
1253 2453 1260 2468 .
1308 2453 1316 2468 .

503 2554 510 2569 .
558 2555 566 2570 .
614 2557 621 2572 .
670 2503 885 2595 [scriptulram
910 2533 970 2574 non
995 2510 1112 2576 luerint
1126 2535 1277 2598 praescn-

503 2611 567 2702 [tes]
614 2662 621 2677 .
669 2662 676 2677 .
725 2661 732 2676 .
780 2663 787 2678 .
844 2614 1034 2704 stlesti]um
1087 2666 1095 2681 .
1143 2667 1150 2682 .
1199 2667 1206 2682 .
1254 2667 1261 2682 .

502 2769 510 2784 .
558 2769 565 2784 .
613 2770 620 2785 .
669 2720 849 2809 [Voluntuls
874 2731 993 2806 antem,
1019 2724 1045 2787 si
1068 2725 1247 2790 necessitas
1273 2723 1349 2814 [ast],

502 2826 620 2915 [coram
644 2827 770 2892 duobus
794 2827 863 2916 alut
885 2828 989 2893 tribus
1013 2830 1150 2896 testibus
1174 2857 1227 2898 ore

503 2932 734 3022 [promalpari]
759 2934 919 3024 Pl0⁶⁶l⁸lll
967 2936 1088 3002 Similis
1112 2937 1153 3003 de
1177 2941 1288 3003 uxoris

502 3040 690 3128 [voluntate
715 3040 812 3130 qulae
836 3045 870 3107 in
893 3045 1044 3109 maritum
1068 3046 1193 3110 confer-

502 3147 547 3236 [re
571 3148 719 3231 voluerit,
745 3149 940 3238 donatlionis
963 3151 1069 3216 forma
1092 3163 1248 3217 servetur.

247 3470 371 3526 CCCVI.
411 3471 447 3526 L.
466 3469 523 3527 Vis.
543 3470 575 3540 V,
595 3471 622 3540 l,
642 3471 676 3525 3:
703 3470 732 3526 Si
757 3473 818 3543 quis
843 3473 992 3544 episcopus
1015 3481 1067 3529 aut
1087 3474 1240 3546 presbyter
1261 3474 1306 3529 nel
1323 3473 1486 3548 quicumque
1506 3493 1541 3528 cecc
1565 3471 1672 3528 clericis
1693 3480 1792 3543 preter

138 3598 306 3635 consensum
330 3587 482 3634 ceterarum
507 3578 671 3633 clericorum
695 3578 802 3650 aliquid
827 3580 862 3635 de
885 3581 972 3634 rebus
998 3581 1101 3636 eclesie
1125 3579 1284 3636 vendiderit
1305 3581 1349 3636 rel
1363 3579 1518 3646 donaverit,
1543 3579 1594 3634 hoc
1612 3578 1719 3632 firmum
1735 3597 1791 3633 non

139 3706 203 3743 csso
227 3686 407 3757 precipimus,
430 3686 484 3739 nisi
507 3686 548 3740 ita
565 3684 661 3756 fuerit
677 3685 765 3755 sacta
788 3685 904 3742 vinditio
927 3686 984 3743 siue
1007 3686 1130 3756 ἀοηαίἐο,
1156 3687 1385 3762 quemadmodum
1409 3693 1569 3742 caracterem
1594 3703 1732 3742 canonum
1749 3685 1791 3741 in-

137 3793 234 3850 stituta
257 3792 425 3849 constituunt
446 3792 539 3866 adque
562 3792 724 3848 decernunt.

90 3933 119 3972 ω
249 3899 284 3955 L.
307 3899 363 3955 Vis.
387 3899 419 3968 V,
442 3900 469 3969 l,
491 3899 526 3953 4:
559 3899 687 3955 Heredes
717 3899 840 3975 episcopi
868 3920 917 3956 seu
947 3900 1066 3958 aliorum
1097 3901 1272 3969 elericorum,
1303 3901 1351 3970 qui
1375 3899 1453 3978 filios
1482 3919 1546 3954 suos
1576 3898 1605 3954 in
1635 3897 1790 3972 obsequium

139 4007 236 4064 eclesie
258 4006 505 4063 conarendaoerint
529 4014 555 4062 ct
575 4015 665 4062 terras
689 4008 735 4062 vol
759 4009 866 4079 aliquid
891 4027 925 4063 ex
948 4007 1141 4064 munificentia
1165 4008 1269 4063 eclesie
1300 4005 1487 4079 posscderint,
1518 4007 1539 4060 si
1571 4004 1626 4080 ipsi
1655 4007 1682 4058 in
1712 4005 1791 4060 laicis

138 4117 244 4170 reversi
267 4114 374 4168 fuerint
398 4121 447 4168 aut
471 4115 507 4169 de
532 4114 647 4168 servitio
672 4115 787 4182 eclesie,
816 4114 893 4170 cuius
916 4122 1022 4170 terram
1046 4115 1089 4170 oel
1111 4114 1235 4189 aliquam
1258 4113 1441 4171 substantiam
1459 4111 1651 4188 possidebant,
1683 4113 1790 4166 discos-

138 4224 239 4290 serint,
263 4221 354 4278 statim
379 4223 454 4293 quod
477 4221 662 4292 possidebant
686 4223 828 4276 arnittant.

247 4417 385 4474 cccvn.
439 4417 473 4473 L.
497 4416 553 4473 Vis.
577 4417 609 4486 V,
631 4416 659 4486 2,
679 4417 711 4472 t:
743 4418 863 4472 Maritus
891 4419 913 4472 si
944 4419 1023 4473 uxori
1053 4435 1103 4473 sue
1135 4417 1240 4488 aliquid
1271 4417 1428 4483 donaverit,
1461 4418 1496 4470 dc
1527 4415 1590 4482 boc,
1623 4415 1697 4485 quod
1727 4413 1791 4488 ipsu

91 4545 119 4586 sc
138 4525 191 4582 sibi
213 4525 315 4582 habere
337 4525 468 4592 voluerit,
499 4525 639 4596 scriptura
660 4543 759 4580 manus
782 4543 830 4580 sue
853 4525 1040 4596 suscriptione
1067 4525 1111 4580 vel
1139 4525 1218 4596 signo
1248 4523 1404 4591 confinnot,
1435 4524 1475 4577 ita
1504 4529 1536 4576 ut
1567 4524 1622 4576 duo
1652 4528 1701 4576 ant
1732 4527 1791 4576 tros

139 4641 230 4688 testes
253 4633 370 4702 ingenui
392 4632 578 4703 suscriptorcs
601 4633 646 4688 vel
666 4630 749 4708 sipna
766 4631 911 4702 facientes
933 4633 1088 4700 accedant3
1114 4638 1144 4686 et
1168 4632 1207 4685 sic
1231 4631 1369 4684 volumtas
1393 4631 1480 4701 ipsius
1497 4630 1601 4684 hubent
1617 4629 1789 4683 firmitatem.

140 4739 242 4795 Similis
267 4749 292 4796 et
315 4741 350 4796 de
374 4740 467 4796 uxoris
489 4739 656 4806 volumtate,
685 4757 740 4810 que
765 4741 794 4793 in
817 4740 945 4793 maritum
969 4739 1098 4794 conferre
1122 4739 1254 4805 voluerit,
1286 4738 1442 4792 donationis
1467 4736 1516 4790 laec
1538 4736 1627 4790 forma
1650 4745 1790 4801 semotus,

138 4848 407 4928 sitanrm7...

248 5157 365 5208 cccvl.
402 5158 419 5208 l.
440 5159 481 5208 10.
508 5157 690 5208 descesserint
708 5174 770 5205 corr.
791 5156 966 5206 discesserint
984 5171 1004 5204 c.
1539 5211 1540 5216 ¹

93 5258 122 5298 4ο
248 5245 379 5298 cccvll.
417 5248 433 5297 l.
454 5249 485 5296 21
500 5264 550 5312 sqq.
579 5245 634 5310 Osa
655 5243 790 5294 volumtas
810 5245 901 5294 verbis
921 5260 1012 5294 coram
1030 5244 1220 5309 probationem
1241 5241 1420 5308 promulgata,
1441 5241 1470 5290 L.
1488 5241 1537 5289 iis.
1557 5241 1632 5301 leo,
1649 5242 1689 5291 12.

251 5445 280 5516 1)
304 5447 391 5504 Hunc
414 5447 499 5522 tepent
525 5445 638 5503 minime
666 5446 708 5501 ad
730 5465 792 5500 can.
820 5443 848 5498 3.
875 5441 960 5501 Cone.
984 5441 1111 5499 Toletani
1133 5441 1189 5498 ΙΙΙ.
1220 5442 1405 5512 reserandam
1435 5461 1501 5510 csse,
1533 5449 1571 5511 ut,
1601 5441 1791 5515 supplemento

140 5573 160 5612 a
186 5553 238 5616 Fr,
262 5553 382 5610 Blulnne
400 5571 557 5628 perperam
575 5553 661 5623 sacto
679 5553 820 5619 seductus,
851 5549 983 5625 opinatus
1006 5557 1046 5606 est
1068 5548 1236 5621 recesserim,
1261 5549 1528 5625 ‘ll'estpotenreclet'
1549 5567 1581 5624 p.
1600 5547 1651 5617 45,
1676 5547 1789 5602 denon-

140 5661 242 5718 stravit
265 5661 410 5731 Brunner,
436 5651 488 5716 ‘D.
513 5657 592 5717 ΕΘ.)
618 5660 641 5728 I,
661 5679 694 5734 p.
714 5657 785 5713 322.

195 5777 239 5820 Lu
253 5773 312 5818 Soet.
327 5778 345 5818 1.
374 5777 391 5818 ῐ,
1561 5779 1576 5826 3
