4478 6246
697 345 777 400 LEX
799 341 1102 402 vlsroornoauu
1125 343 1178 412 ΙΙΙ,
1196 341 1225 410 2,
1244 343 1273 398 3.
1750 339 1810 400 135

164 539 266 610 aecel
299 553 412 596 eorum
441 542 580 596 centena
609 528 739 617 flagella
769 531 957 617 suscipiant.
1012 537 1100 607 mu]
1129 552 1192 609 post
1210 544 1281 594 hanc
1303 545 1547 595 contradictionem
1567 561 1596 596 sc
1622 548 1720 596 iterum
1747 563 1811 597 ron·
1833 543 1887 615 111,
1899 542 1929 614 2,
1939 542 1968 598 a.

160 637 202 702 Et
225 639 252 700 si
276 649 350 724 poet
372 637 456 703 hanc
480 639 769 704 contradictionem
790 659 825 701 ae
841 637 958 701 iterum
1013 651 1183 711 iuncxerint,
1210 667 1257 700 cos
1283 651 1367 701 iudex
1392 652 1576 718 conprehendi
1606 654 1701 704 iubeat
1727 660 1755 704 et
1784 656 1813 704 in

161 746 426 828 coniuncxerini,
479 768 535 810 eos
586 745 687 810 iudex
737 742 959 830 conprehendi
984 711 987 834 l
1013 773 1064 808 sua
1088 759 1227 822 presentia
1253 757 1386 818 exhiberi,
1414 765 1444 808 ut
1469 761 1618 824 unicuiqae
1645 776 1738 810 eorum
1764 763 1812 812 ite-

160 850 270 916 iubeat
308 863 341 916 et
378 853 412 916 in
450 876 510 916 sua
546 853 711 939 presentia
743 847 885 932 exiberi,
924 859 959 914 ul
1014 865 1093 914 ratim
1126 871 1242 914 centena
1278 863 1388 928 flagella
1424 867 1565 931 imponere
1597 882 1652 918 non
1690 868 1812 919 desistat.

128 959 334 1046 hunicuique
359 982 470 1024 eorum
497 960 639 1024 iteratim
664 969 803 1023 centena
830 953 960 1043 flagella
1015 970 1096 1032 Quod
1117 972 1140 1020 si
1166 973 1247 1020 tertia
1274 973 1335 1021 vice
1360 988 1389 1022 so
1415 989 1540 1039 separare
1568 972 1712 1034 noluerint,
1739 976 1811 1025 simi·

161 1066 316 1151 inponere
354 1088 421 1130 non
460 1066 605 1130 desistat.
663 1065 760 1146 Quod
799 1065 826 1128 ei
864 1063 959 1127 tertia
1015 1075 1077 1127 liter
1108 1083 1225 1127 centena
1256 1076 1366 1144 flagella
1398 1080 1436 1128 eis
1473 1081 1576 1145 imponi
1607 1081 1749 1142 iubemus,
1786 1088 1813 1133 ct

160 1173 232 1236 vice
279 1195 314 1236 se
367 1195 520 1260 separare
567 1172 759 1255 noluerintl,
813 1171 960 1236 similiter
1014 1185 1074 1250 ipsa
1094 1183 1192 1234 mulier
1210 1186 1369 1250 parentibus
1388 1187 1445 1236 suis
1465 1186 1493 1235 in
1519 1193 1655 1252 potestate
1681 1188 1812 1240 tradatur.

160 1289 299 1343 centena
332 1278 463 1365 flagella
497 1281 544 1343 eia
579 1280 691 1366 inponi
725 1278 891 1360 leheman,
928 1287 960 1341 et
1015 1289 1139 1352 Quodsi
1165 1291 1337 1356 postmodum
1364 1309 1423 1342 carn
1448 1299 1573 1359 parentes
1599 1301 1747 1346 retrorsum
1773 1297 1812 1346 di-

160 1387 232 1472 ipsa
264 1385 381 1452 mulier
414 1385 604 1474 parentibus
635 1387 702 1450 suis
732 1387 766 1449 in
800 1393 959 1472 potestate
1014 1397 1145 1456 miserint,
1159 1399 1195 1447 sit
1214 1397 1316 1448 aneilla
1330 1399 1440 1450 domino
1454 1402 1512 1449 eius
1525 1402 1604 1450 servi.
1635 1399 1813 1464 riliitamen,

117 1525 142 1564 ιο
160 1491 340 1558 uadaturt
410 1492 508 1574 Quod
553 1494 580 1556 ei
631 1491 836 1580 postmodum
887 1513 959 1556 eam
1016 1511 1042 1555 ct
1062 1505 1289 1571 quandocumque
1310 1513 1336 1556 et
1356 1508 1578 1572 quanticumque,
1598 1509 1644 1572 qni
1664 1525 1696 1558 ex
1717 1510 1812 1559 caini-

160 1611 312 1686 parentee
342 1610 517 1664 retrorsum
548 1599 739 1682 dimiserint,
771 1600 812 1663 sit
842 1596 961 1662 aneilla
1016 1613 1120 1676 quitata
1147 1612 1248 1662 fuerint
1272 1614 1418 1677 procreati,
1445 1613 1634 1664 condicionem
1661 1617 1746 1681 patris
1773 1633 1813 1666 se-

159 1705 291 1770 domino
315 1708 384 1772 eius
401 1709 498 1772 servi.
537 1707 613 1771 Filii
630 1716 750 1789 tamen,
768 1715 800 1770 et
816 1705 959 1792 quando·
1016 1725 1142 1783 quantur,
1169 1724 1199 1768 ut
1227 1721 1255 1768 in
1281 1721 1394 1770 servitio
1428 1727 1621 1786 permancant3
1653 1721 1814 1774 facultatem

161 1836 300 1900 cumque
324 1823 357 1878 et
380 1815 644 1900 quanticumque,
675 1813 731 1900 qui
759 1835 801 1878 ex
831 1835 871 1877 ea
900 1812 959 1877 ini·
1015 1842 1080 1876 vero
1100 1824 1221 1876 mulieris
1240 1827 1387 1892 propinqui
1406 1828 1447 1877 sui
1465 1825 1546 1892 legali
1560 1830 1735 1880 sirccessicnc
1750 1847 1812 1881 con-

161 1921 284 2006 quitata
307 1919 429 1985 fuerint
450 1922 623 2007 procreati,
648 1920 841 1985 condicione
859 1921 960 2006 patris
1015 1934 1133 1999 quirent.
1188 1915 1284 1998 Quod
1316 1919 1343 1982 si
1373 1917 1428 2002 hii,
1460 1921 1516 2006 qui
1547 1920 1587 1985 de
1618 1921 1675 1985 tali
1703 1933 1814 1988 contu·

118 2059 143 2098 a
162 2039 349 2113 sequantur,
395 2038 431 2091 ut
471 2028 504 2090 in
551 2028 684 2091 servitio
730 2037 959 2114 permaneant3
1015 2025 1129 2089 bernio
1159 2026 1327 2089 extiterint
1356 2027 1471 2111 geniti,
1503 2041 1572 2092 xxx
1602 2035 1726 2093 annos⁴
1755 2053 1815 2116 per

160 2132 314 2198 facultate
338 2155 416 2198 vero
439 2133 584 2198 mulieris
606 2134 782 2221 propinqui
798 2135 848 2197 sui
863 2132 960 2219 legali
1014 2141 1131 2196 testem
1168 2130 1347 2216 legitimum
1386 2155 1420 2196 sc
1459 2134 1617 2221 ingenuos
1655 2137 1813 2203 mansisse

161 2241 368 2306 successione
410 2241 612 2327 conquirant.
672 2239 806 2327 Ipsam⁸
851 2251 959 2305 autern
1015 2239 1201 2321 docuerint,
1237 2262 1257 2302 a
1290 2240 1454 2304 servitutis
1488 2253 1605 2306 catena
1637 2243 1732 2307 soluti
1765 2244 1813 2308 in-

160 2347 268 2434 legem
306 2349 504 2434 precipimus
540 2347 702 2412 custodire
738 2357 771 2412 et
805 2347 845 2412 de
880 2349 959 2412 viris
1014 2347 1189 2432 genuitatis
1213 2368 1248 2409 se
1272 2346 1438 2431 gaudeant
1467 2348 1559 2412 titulo
1589 2348 1754 2434 decorari3
1786 2351 1813 2414 si

160 2455 328 2540 ingenuis,
364 2455 421 2541 qui
454 2455 562 2540 regias
600 2453 735 2519 ancillas
770 2453 822 2519 vel
861 2455 959 2519 etiam
1014 2463 1123 2517 tamen
1153 2462 1306 2538 parentes
1330 2474 1441 2517 eorum
1472 2453 1557 2519 infra
1586 2455 1666 2520 illud
1696 2458 1813 2522 tricen-

119 2595 144 2633 20
162 2562 394 2648 cuiuscumque
418 2560 592 2626 habuerint
615 2560 792 2649 copulatas,
822 2571 857 2625 ut
884 2583 959 2625 con·
1014 2561 1114 2642 nium,
1139 2582 1202 2646 quc
1226 2558 1283 2623 filii
1313 2561 1457 2647 ipsorum
1488 2585 1522 2626 se
1552 2563 1710 2649 ingenuos
1741 2588 1813 2630 esse

162 2667 299 2734 dicionis
323 2668 383 2733 hec
407 2668 512 2733 forma
535 2679 691 2733 servetur.
1014 2665 1236 2753 probaverint,
1264 2665 1343 2731 nihil
1367 2667 1408 2732 de
1432 2668 1617 2734 conditione
1648 2673 1812 2736 servitutis

1016 2774 1155 2838 dominis
1185 2775 1252 2837 suis
1281 2775 1514 2860 persolverint,
1545 2776 1631 2840 unde
1662 2779 1725 2864 ipsi
1754 2777 1813 2843 filii

1016 2903 1127 2946 eorum
1143 2879 1340 2946 videbantur
1363 2879 1496 2946 obnoxii
1520 2885 1677 2948 servituti.
1722 2898 1813 2965 Ipsam

1016 3008 1107 3052 autern
1138 3000 1227 3068 legem
1256 3004 1421 3068 precipimus
1455 3004 1588 3056 custodiri
1619 3009 1646 3054 et
1679 3004 1712 3056 dc
1747 3008 1812 3056 viris

1014 3111 1157 3175 ingenuis,
1186 3111 1232 3175 qui
1262 3111 1350 3175 regias
1383 3110 1497 3162 ancilias
1530 3109 1572 3161 vol
1609 3113 1691 3164 ctiam
1722 3116 1812 3165 citius-

1015 3233 1131 3281 cumque
1154 3216 1299 3268 habuerint
1321 3217 1470 3282 copulatas,
1499 3226 1527 3268 ut
1554 3221 1719 3272 conditionis
1745 3223 1812 3273 haec

1014 3324 1100 3375 forma
1119 3329 1252 3373 servetur.

215 3493 270 3552 ΙΙΙ,
288 3493 312 3551 2,
332 3493 356 3542 3.
394 3493 411 3542 Ι.
424 3493 449 3542 2.
469 3493 683 3543 contractionem
704 3493 766 3543 ΙΙΙ.
789 3491 798 3553 ΙΙ
820 3493 837 3543 Ι.
852 3494 877 3542 3.
897 3487 989 3628 εσυ-ἱ
1068 3492 1123 3552 ΙΙΙ,
1141 3495 1165 3552 2,
1183 3495 1208 3542 3.
1245 3494 1261 3543 Ι.
1278 3495 1300 3543 l.
1320 3495 1537 3546 contradictione
1560 3495 1585 3544 ΙΙ
1596 3499 1619 3546 l.
1643 3495 1652 3556 ΙΙ
1675 3498 1691 3548 Ι.
1706 3501 1729 3548 2.
1750 3515 1813 3549 con-

161 3582 313 3632 iuncserint
332 3580 401 3644 1323
421 3583 614 3632 coniunxerint
634 3581 694 3632 ΙΙ2.
715 3582 772 3632 Vs.
805 3580 814 3642 ΙΙ
846 3583 862 3632 Ι.
882 3585 907 3632 4.
933 3584 961 3632 in
1015 3583 1154 3631 iunxerint
1172 3582 1200 3631 Ι’.
1238 3583 1321 3632 index
1340 3599 1387 3633 eos
1407 3583 1468 3634 El.
1489 3584 1545 3634 Vt.
1567 3587 1590 3634 5.
1617 3582 1626 3645 ΙΙ
1651 3586 1668 3636 Ι.
1683 3589 1706 3636 3.
1728 3583 1767 3651 ut]
1786 3597 1813 3639 et

120 3670 227 3728 mdecrt
244 3671 307 3720 ΙΙΙ.
330 3671 339 3730 ΙΙ
363 3671 380 3721 Ι.
394 3672 418 3720 6.
439 3665 562 3735 desistat]
582 3671 708 3737 designet
727 3671 788 3720 Bi.
812 3670 821 3732 ss
847 3672 863 3722 Ι.
878 3673 902 3720 8.
922 3673 962 3722 eis
1021 3671 1079 3720 Vs.
1106 3669 1115 3730 ll
1145 3672 1200 3721 aa.
1221 3672 1322 3722 eisdem
1343 3671 1414 3722 rrae.
1444 3671 1453 3732 ΙΙ
1482 3671 1813 3740 l.10.ctquand0c.let

159 3759 226 3810 deest
253 3759 321 3810 ΙΙΙ.
359 3758 369 3821 ΙΙ
407 3759 424 3810 L
448 3761 489 3810 12.
518 3765 546 3809 et
574 3755 719 3824 quandoc]
748 3767 775 3810 ct
801 3759 868 3810 deest
892 3761 917 3810 R
936 3763 961 3811 2.
1013 3759 1080 3810 deest
1097 3760 1155 3810 Vl.
1175 3760 1245 3810 Mad.
1293 3762 1340 3825 qui
1358 3761 1424 3810 deest
1443 3761 1513 3812 iliad.
1546 3763 1555 3823 ΙΙ
1587 3764 1603 3813 Ι.
1619 3766 1659 3814 14.
1680 3765 1760 3826 Quod
1779 3761 1812 3831 si]

161 3849 178 3900 Ι.
200 3851 241 3898 14.
267 3849 456 3899 condicionem
478 3847 623 3898 12273.
654 3847 664 3908 ll
696 3850 713 3899 Ι.
735 3851 775 3899 la.
801 3849 961 3900 facultatem
1014 3851 1037 3898 si
1055 3849 1122 3899 deest
1140 3849 1197 3900 i'2.
1229 3847 1238 3910 ΙΙ
1269 3849 1286 3899 Ι.
1306 3851 1346 3899 15.
1372 3867 1421 3916 per
1439 3851 1514 3899 XXX
1533 3867 1619 3901 asinos
1639 3852 1695 3903 Va.
1716 3855 1746 3915 s;
1764 3872 1814 3920 per

163 3937 223 3988 Ε2.
246 3938 300 3988 VB.
324 3937 333 3998 11
356 3939 373 3989 Ι.
388 3940 429 3990 l'l.
448 3938 512 4005 Ipsa
525 3943 617 3989 autem
632 3937 691 4004 lege
706 3938 730 3988 a
740 3941 765 3988 2.
788 3935 797 3998 ΙΙ
820 3939 836 3988 Ι.
852 3939 893 3988 18.
913 3955 959 3988 cn·
1015 3938 1163 3988 XXannos
1180 3938 1243 3998 l'l;
1263 3937 1338 3987 XXX
1357 3941 1436 3989 anuis
1457 3940 1479 3988 V
1488 3941 1512 3990 2.
1536 3939 1546 4001 ΙΙ
1568 3942 1584 3990 Ι.
1601 3943 1641 3993 l'l.
1661 3942 1814 3994 docuerunt

160 4029 257 4078 stodiri
276 4027 338 4078 aa.
360 4027 419 4078 Ε2.
439 4028 496 4078 Vs.
1016 4027 1050 4076 ad
1068 4028 1200 4077 servituto
1219 4025 1282 4076 El.
1333 4027 1434 4078 hatena
1454 4029 1510 4078 rs.
1560 4031 1730 4094 ingenuitate
1752 4032 1812 4086 ΙΙ2,

119 4133 144 4174 ,5
652 4111 658 4124 ⁵
1014 4116 1031 4165 l.
1054 4118 1093 4165 is.
1119 4111 1210 4179 titulo]
1228 4116 1265 4165 ita
1285 4115 1346 4166 El.
1367 4117 1423 4167 l'l.
1444 4119 1468 4168 2.
1488 4119 1512 4167 4.
1533 4121 1557 4168 5.
1577 4121 1600 4169 6.
1621 4121 1646 4170 8.
1667 4121 1813 4183 lo.1i'a.;

1014 4204 1149 4256 annnlo
1169 4205 1239 4254 arad.
1296 4200 1430 4270 decorari]
1450 4207 1486 4256 ita
1506 4206 1533 4256 Ε
1545 4211 1567 4257 l.
1587 4207 1672 4270 Ram
1691 4211 1812 4262 decorati

1020 4294 1077 4344 Vl.
1098 4297 1122 4344 2.
1142 4295 1165 4343 6.
1185 4293 1257 4344 arad.
1285 4293 1294 4354 ΙΙ
1321 4295 1338 4343 l.
1354 4297 1393 4345 19.
1415 4290 1517 4360 corum]
1538 4295 1647 4346 illorum
1667 4298 1691 4346 V
1700 4301 1724 4348 2.
1744 4299 1813 4351 rior.

1015 4383 1031 4434 Ι.
1046 4384 1088 4433 20.
1107 4377 1172 4448 quo]
1193 4399 1281 4446 aequo
1302 4382 1370 4444 nm
1391 4384 1466 4448 quod
1488 4385 1508 4432 p
1518 4387 1543 4435 2.
1562 4387 1586 4435 6.
1625 4388 1738 4452 ingenui
1752 4388 1779 4437 B
1789 4392 1812 4439 1.

1022 4472 1077 4522 ro.
1110 4470 1119 4530 ll
1150 4472 1167 4522 Ι.
1187 4473 1229 4522 22.
1256 4472 1418 4538 persolverit
1445 4472 1472 4522 Ε
1490 4477 1517 4534 l;
1544 4474 1732 4540 persolverent
1755 4479 1779 4527 V
1790 4480 1812 4529 1.

1013 4564 1067 4629 ipsi
1085 4562 1151 4613 deest
1169 4561 1194 4610 V
1201 4563 1225 4612 2.
1259 4559 1267 4620 ΙΙ
1299 4563 1316 4612 Ι.
1336 4564 1378 4612 23.
1405 4563 1549 4614 videantur
1571 4564 1595 4612 V
1609 4567 1631 4615 1.
1687 4568 1812 4617 servituti

1014 4652 1126 4702 obnoxii
1148 4651 1209 4701 ΓΒ.
1234 4651 1322 4711 araa.;
1347 4653 1471 4702 servituti
1499 4654 1631 4704 obnoxios
1657 4671 1717 4704 esse
1744 4655 1771 4705 ΙΙ
1788 4659 1811 4707 1.

1014 4741 1031 4792 Ι.
1045 4742 1087 4790 26.
1107 4741 1185 4790 cond.
1206 4746 1236 4790 ut
1256 4740 1279 4788 ΙΙ
1288 4742 1313 4790 6.
1333 4739 1401 4790 Pith.

272 4903 300 4974 1)
325 4903 372 4961 De
395 4903 472 4960 nina
497 4903 677 4961 conventione
706 4904 746 4976 cf.
778 4903 863 4976 infra
893 4903 950 4974 III,
976 4903 1006 4975 2,
1031 4905 1060 4960 4.
1157 4903 1187 4973 2)
1221 4901 1269 4975 Cf.
1303 4903 1337 4961 L.
1362 4905 1453 4982 Bury.
1487 4903 1538 4975 35,
1564 4905 1592 4963 2.
1626 4907 1662 4963 3:
1693 4908 1722 4964 Si
1745 4927 1812 4965 vero

161 5013 286 5084 ingenua
307 5011 405 5084 puella
427 5011 587 5067 voluntaria
609 5030 640 5067 sa
668 5029 750 5067 servo
780 5012 983 5080 coniuncscrit,
1014 5018 1167 5084 utrumque
1198 5012 1326 5067 iubemus
1357 5013 1457 5068 occidi.
1511 5012 1593 5078 Quod
1623 5016 1647 5070 si
1676 5025 1811 5086 parentes

118 5142 143 5181 n
160 5119 274 5190 puellae
298 5126 448 5190 parentem
471 5137 549 5174 suam
572 5119 673 5190 punire
697 5119 818 5174 sonasse
842 5119 995 5188 noluerint,
1019 5119 1117 5190 puella
1139 5119 1275 5174 libertate
1299 5126 1396 5174 carcat
1421 5127 1450 5175 et
1474 5122 1503 5175 in
1521 5123 1688 5177 servitutem
1704 5123 1812 5194 regiam

161 5227 316 5299 redigatur.
364 5223 459 5282 Edica
483 5225 609 5284 liuthari
630 5245 653 5282 c.
680 5225 761 5282 221.-
784 5225 814 5281 si
837 5244 936 5282 servus
959 5225 1077 5282 liberam
1100 5226 1247 5280 mulierem
1270 5233 1319 5281 aut
1341 5227 1466 5298 puellam
1489 5247 1573 5283 ausus
1596 5229 1683 5286 fuerit
1706 5231 1759 5286 sihi
1782 5232 1811 5285 in

161 5334 319 5405 coniugium
342 5335 460 5403 sociare,
485 5334 595 5389 aninum
619 5351 688 5389 snae
712 5334 836 5388 incurrat
860 5332 1027 5405 pericnlum,
1058 5339 1088 5388 et
1119 5333 1167 5387 iila
1198 5374 1205 5386 .
1238 5373 1245 5387 .
1279 5374 1285 5388 .
1317 5333 1442 5389 habeant
1472 5343 1608 5406 parentes
1637 5343 1811 5408 potestatem

161 5457 222 5496 earn
245 5441 393 5497 occidendi
418 5448 468 5495 aut
490 5441 557 5496 ioris
579 5440 724 5513 provincia
746 5441 960 5496 transvindendi
985 5482 992 5494 .
1018 5481 1026 5494 .
1053 5481 1059 5494 .
1099 5440 1137 5493 Et
1160 5441 1182 5494 si
1206 5447 1341 5511 parentes
1365 5441 1425 5496 eins
1448 5442 1501 5497 hoc
1518 5442 1612 5498 iacere
1637 5445 1808 5512 distulerint,

160 5555 228 5603 tunc
252 5547 329 5604 liciat
351 5548 522 5622 gastaldium
545 5549 621 5620 rogis
645 5555 694 5602 aut
717 5547 858 5602 sculdhais
882 5549 968 5619 ipsam
993 5549 1021 5603 in
1044 5555 1124 5603 curte
1149 5549 1224 5619 rogis
1241 5557 1270 5602 et
1294 5547 1322 5602 iu
1341 5549 1431 5620 pisale
1448 5549 1523 5604 inter
1539 5551 1655 5606 ancillas
1671 5557 1809 5608 statuere,

115 5677 142 5716 ω
162 5653 192 5723 3)
212 5653 260 5726 Of.
278 5654 342 5712 Lac
358 5653 420 5712 Sat.
439 5653 490 5726 25,
508 5654 545 5712 5:
566 5653 596 5710 Si
611 5673 679 5712 vero
695 5656 835 5726 ingenuus
851 5656 953 5710 ancilia
968 5654 1061 5710 aliena
1083 5654 1197 5726 publice
1214 5672 1245 5708 se
1261 5656 1393 5724 iunxerit,
1412 5656 1472 5728 ipsc
1490 5676 1552 5712 cum
1577 5677 1612 5716 ca
1627 5659 1656 5715 in
1671 5661 1808 5716 servituto

160 5769 342 5834 permaneam
367 5763 408 5834 cs.
436 5761 485 5834 13,
506 5762 536 5819 9.
629 5760 660 5830 4)
685 5761 731 5818 De
754 5761 904 5820 tricennali
920 5759 1149 5836 praeceptione
1170 5780 1196 5818 c.
1220 5760 1305 5834 infra
1328 5761 1366 5834 X,
1388 5761 1417 5834 2,
1438 5763 1467 5821 3.
