4372 6254
332 1427 789 1560 ADDENDA
836 1428 957 1560 ET
1001 1427 1636 1561 CORRIGENDA.

264 1708 300 1776 P.
327 1710 357 1790 4,
382 1710 403 1775 1.
432 1710 471 1772 13
490 1732 554 1796 pro
578 1707 686 1794 adque
711 1711 794 1796 1696·
817 1708 860 1772 ad
883 1732 990 1796 quem.

264 1833 300 1897 P.
333 1834 386 1898 28.
418 1835 559 1901 30-32.
614 1835 664 1898 De
699 1835 818 1922 1691166
847 1834 1039 1900 Earicianis
1073 1858 1112 1898 ea
1140 1834 1223 1920 Leqe
1254 1834 1505 1898 Baiuoariorum
1537 1837 1687 1899 restinctis
1721 1860 1746 1902 6.
1779 1836 1811 1902 2.

158 1943 189 2008 9.
217 1943 257 2004 15
281 1965 381 2027 nuper
404 1941 556 2006 disseruit
578 1941 622 2008 H.
646 1941 807 2022 Brunner,
831 1941 1269 2008 ί1161666166666616116666
1299 1939 1568 2030 merotiinqiscltes
1591 1942 1812 2030 Ko'niqsqesetn

115 2069 137 2110 ,6
159 2049 215 2113 des
239 2049 268 2115 7.
292 2048 537 2130 Jahrltunderte,
561 2047 883 2134 stanam-Baricha
906 2049 938 2115 d.
962 2050 1052 2114 Berl.
1075 2049 1196 2114 61166613
1224 2051 1319 2129 1901,
1342 2073 1381 2135 p.
1403 2045 1593 2117 '950-955,
1648 2047 1696 2130 Si,
1727 2049 1813 2134 quod

160 2158 307 2243 opinatus
330 2170 374 2220 661
396 2157 447 2219 vir
471 2155 578 2220 doctus
601 2155 666 2236 1116,
691 2155 858 2220 Boiuuari
877 2157 1141 2237 Alamannorum,
1171 2181 1269 2242 neque
1292 2181 1375 2237 uero,
1399 2155 1485 2241 quod
1506 2180 1562 2220 nos
1585 2158 1811 2237 existimamus,

159 2262 339 2326 Alamanni
359 2262 612 2328 Baiuuoriorum
637 2263 701 2350 1696
724 2264 779 2328 usi
803 2277 910 2343 essent,
941 2263 1107 2348 quaedam,
1139 2265 1235 2348 quasi
1262 2287 1301 2327 66
1327 2261 1442 2327 Codice
1465 2262 1643 2328 Euriciano
1673 2265 1708 2328 in
1738 2265 1810 2349 apsa

158 2368 242 2456 Leqe
265 2369 518 2433 Alamannorum
540 2383 673 2456 recepta,
699 2370 773 2434 inde
795 2370 987 2434 restituenda
1003 2370 1157 2457 fuessent,
1173 2372 1367 2456 praesertim
1391 2369 1412 2434 1.
1436 2383 1508 2435 rest.
1533 2370 1564 2450 2,
1585 2393 1623 2456 p.
1641 2370 1694 2450 28,
1719 2370 1811 2447 111,

159 2501 199 2540 au
219 2475 259 2544 L.
284 2475 390 2541 Alam.
417 2477 458 2539 39
483 2474 686 2560 adgregandi
704 2501 768 2563 pro
792 2475 1021 2562 adgregentur,
1046 2491 1074 2540 et
1095 2491 1227 2563 praeter
1258 2504 1281 2542 6.
1309 2478 1348 2540 15
1380 2500 1419 2541 ea
1439 2475 1523 2562 Leqe
1547 2476 1665 2542 Baius.
1693 2477 1744 2557 16,
1771 2477 1810 2539 16

110 2607 138 2645 10
159 2585 332 2648 restitutmn
355 2585 424 2648 alia
448 2607 568 2668 quoque
592 2584 643 2647 1666
664 2583 846 2648 Euriciana
873 2584 1064 2670 respondens
1094 2585 1159 2670 leqi
1183 2582 1421 2648 Chindasuindi
1441 2582 1489 2663 ΙΙ,
1514 2584 1545 2664 5,
1572 2584 1586 2645 1
1620 2582 1810 2648 restituendo

160 2705 244 2755 66661.
291 2689 393 2756 Nobis
417 2693 575 2754 tamenin
599 2693 747 2776 opinione
770 2705 876 2755 nostra
892 2689 1163 2777 perseverandum
1186 2690 1321 2756 uidetur.
1414 2727 1415 2730 ¹

265 2813 303 2880 P.
323 2817 375 2881 48.
401 2815 453 2880 53.
478 2816 530 2880 54.
578 2813 680 2880 Notae
703 2815 939 2902 chronoloqicae
962 2815 1118 2901 quaedam
1142 2817 1177 2879 in
1196 2817 1308 2902 priori
1328 2816 1422 2879 16166
1446 2817 1524 2879 tomi
1536 2829 1632 2902 parte
1656 2828 1811 2878 contentae

158 2947 241 2986 nuuc
264 2922 469 3010 eorriqenclae
491 2937 564 2986 suist
584 2922 754 2987 secundum
777 2925 1061 2986 commentationem
1079 2946 1198 2988 means:
1221 2923 1296 2987 ‘Die
1316 2921 1522 3010 Chronoloqie
1539 2921 1596 2986 der
1607 2921 1810 3009 116619611666-

159 3030 272 3115 lciiniqe
302 3029 357 3093 des
383 3028 515 3093 11616166
546 3054 605 3092 aare
633 3028 765 3093 Toledo’
790 3031 824 3093 in
848 3028 900 3092 ί111.
925 3028 1035 3096 Arcls!
1058 3028 1207 3108 XXVII,
1232 3053 1269 3115 p.
1296 3030 1359 3093 409
1376 3054 1456 3114 sqq,
1486 3029 1537 3094 116
1567 3030 1687 3094 scilicet
1716 3029 1812 3092 16616·

111 3155 191 3222 rep.
215 3137 271 3216 48,
295 3161 326 3202 n.
353 3137 368 3199 1
396 3135 431 3218 (l.
456 3137 512 3222 49)
539 3137 621 3224 1696·
644 3137 788 3200 ‘corror'lii
813 3135 959 3200 Toletani
980 3135 1073 3218 VIII,
1097 3161 1127 3201 a.
1152 3136 1232 3200 653'
1258 3136 1329 3222 (pro
1355 3137 1452 3222 651),
1471 3160 1506 3222 p.
1524 3137 1578 3216 53,
1602 3160 1632 3200 n.
1656 3136 1670 3197 1
1699 3135 1734 3218 (l.
1752 3135 1809 3219 ¹10)

159 3243 242 3330 leqe:
276 3243 401 3328 ‘bisslt'
435 3242 507 3328 (pro
538 3240 674 3330 642J3);
700 3267 739 3329 p.
772 3244 829 3324 54,
864 3268 894 3308 n.
929 3245 944 3304 1
983 3244 1065 3330 leqe:
1100 3242 1255 3308 ‘Otina'ta
1286 3267 1344 3307 666
1371 3245 1515 3330 66966611
1547 3268 1577 3309 a.
1610 3241 1811 3306 636—639’

159 3349 232 3436 (pro
256 3350 458 3435 636-640).

264 3473 302 3539 P.
330 3476 404 3554 101,
429 3476 450 3540 l.
475 3476 505 3538 6.
528 3441 594 3557 ΔΙΙ,
614 3476 645 3557 4,
665 3476 685 3538 8
710 3489 809 3540 eustat
831 3477 925 3540 etiam
948 3477 983 3540 in
1007 3475 1078 3540 V9.
1117 3475 1212 3540 Adde
1236 3476 1257 3540 1.
1282 3476 1324 3538 28
1340 3499 1408 3560 699.
1433 3475 1490 3538 lias
1514 3477 1624 3538 varias
1648 3473 1812 3538 lectiones:

264 3586 304 3648 11,
323 3588 348 3647 4,
369 3587 393 3635 8.
433 3585 492 3638 coa.
513 3585 574 3637 19.
603 3611 636 3620 -
665 3587 682 3636 1.
702 3588 727 3636 8.
754 3581 935 3651 protelentur]
954 3584 1128 3652 protulerunt
1148 3585 1205 3636 19.
1237 3583 1246 3645 ΙΙ
1278 3587 1294 3636 1.
1315 3587 1339 3636 8.
1367 3586 1507 3636 obiectum
1525 3611 1560 3618 -
1580 3579 1810 3650 conprobandum]

109 3675 286 3725 mirantium
305 3675 362 3724 19.
394 3672 403 3735 ΙΙ
436 3676 514 3726 110.
542 3670 740 3742 promulgatas]
762 3675 933 3741 promulgare
953 3676 1010 3725 19.
1060 3671 1199 3742 equitatis]
1220 3681 1247 3725 et
1267 3691 1328 3740 equ.
1348 3675 1405 3724 Vs.
1454 3668 1607 3738 sanctione]
1626 3675 1732 3724 ratione
1750 3675 1811 3734 iura

163 3763 222 3814 19.
253 3763 263 3826 ΙΙ
294 3765 311 3814 l.
332 3765 373 3814 11.
402 3759 496 3826 fnisse]
520 3780 579 3816 esse
599 3765 655 3814 19.
712 3765 917 3832 derogationem
941 3765 1002 3814 19.
1034 3763 1043 3824 ΙΙ
1075 3766 1092 3815 1.
1113 3764 1154 3814 12.
1183 3759 1297 3826 diceret]
1319 3765 1442 3814 dicerent
1460 3764 1517 3814 19.
1571 3758 1667 3830 966611]
1694 3769 1806 3829 possent

163 3853 226 3904 19.
266 3853 274 3915 ΙΙ
313 3854 329 3904 l.
358 3855 398 3903 13.
433 3855 622 3919 perquirerent
650 3878 683 3887 —
711 3859 870 3918 repararent
896 3853 958 3904 19.
997 3851 1006 3915 ΙΙ
1044 3854 1061 3904 1.
1089 3857 1130 3904 15.
1164 3853 1384 3904 haberentve.
1422 3851 1431 3913 ΙΙ
1470 3854 1487 3903 1.
1514 3855 1554 3903 16.
1589 3854 1719 3904 deberent
1743 3852 1806 3903 19.

157 3943 174 3992 1.
196 3944 237 3994 17.
266 3943 400 3994 auderent
418 3942 476 3993 19.
508 3943 517 4005 Ι
549 3943 566 3996 1.
588 3944 628 3992 18.
657 3943 826 4007 temporibus
846 3936 996 4006 brevitatis]
1020 3943 1058 3993 ita
1075 3943 1150 3994 etiam
1169 3943 1226 3993 19.
1258 3940 1267 4003 ΙΙ
1298 3944 1315 3993 1.
1337 3945 1377 3994 19.
1407 3937 1468 4006 sub]
1487 3943 1516 3992 in
1534 3943 1591 3992 Vs.
1624 3940 1632 4002 ΙΙ
1665 3943 1743 3994 129.
1771 3943 1811 3994 in·

157 4030 338 4097 reparabilem
359 4031 417 4082 Vs.
448 4028 457 4092 ΙΙ
489 4033 506 4083 1.
526 4033 569 4082 22.
597 4047 648 4096 966
667 4033 696 4080 in
716 4026 863 4097 preteritis]
881 4034 940 4097 ipse
960 4033 1087 4098 preterita
1107 4049 1160 4097 que
1180 4032 1237 4082 19.
1275 4026 1500 4096 6169666619.
1533 4029 1542 4092 ΙΙ
1574 4033 1590 4082 1.
1611 4033 1654 4083 23.
1680 4027 1812 4098 1116966]

107 4127 136 4168 se
156 4121 194 4172 ita
211 4121 286 4172 ctiam
306 4121 362 4171 Vs.
395 4118 403 4181 ]]
435 4121 452 4171 1.
473 4123 514 4172 24.
543 4116 727 4183 institutione]
747 4121 785 4170 ita
802 4121 876 4172 etium
896 4121 952 4171 19.
985 4120 994 4182 ΙΙ
1026 4123 1043 4173 1.
1062 4123 1105 4172 25.
1132 4137 1181 4186 966
1199 4122 1275 4170 XXX
1295 4137 1426 4172 annorum
1449 4116 1576 4186 spatium]
1600 4119 1734 4171 1166116666
1752 4122 1809 4172 V9.

265 4224 302 4290 Ρ.
327 4225 403 4305 284,
435 4225 455 4289 1.
483 4225 543 4288 15.·
574 4223 628 4304 11,
653 4225 683 4306 5,
712 4225 726 4287 1
760 4238 860 4288 emetat
888 4227 982 4288 etiam
1006 4227 1040 4288 in
1065 4225 1124 4287 19
1146 4239 1222 4311 post
1248 4223 1328 4306 ΧΠ,
1354 4225 1384 4306 2,
1413 4226 1463 4290 18.
1509 4223 1604 4288 Adde
1635 4225 1656 4290 l.
1681 4225 1723 4287 36
1754 4225 1811 4288 lias

157 4334 267 4396 uarias
291 4333 453 4395 lectiones:
784 4403 787 4408 Δ

263 4443 311 4503 VI,
332 4444 356 4504 5,
376 4444 418 4492 21.
458 4441 517 4494 Ood.
536 4443 593 4492 19.
622 4469 658 4478 -
685 4435 1079 4506 1.15.1161ΜΒΑ]65619.
1112 4441 1121 4503 ΙΙ
1153 4443 1232 4494 123.
1261 4437 1585 4506 166666911661166619.

263 4546 300 4609 Ρ.
333 4547 407 4627 363,
439 4547 460 4610 1.
494 4547 543 4610 18.
598 4545 659 4628 IX,
694 4549 722 4627 1,
754 4547 792 4608 21
827 4560 926 4610 exstat
955 4547 1048 4610 etiam
1078 4549 1112 4612 in
1144 4545 1222 4610 19.
1276 4545 1370 4610 Adde
1402 4547 1421 4611 1.
1451 4547 1492 4609 42
1516 4571 1584 4632 699.
1615 4547 1672 4610 166
1702 4547 1811 4610 uarias

103 4673 138 4713 -66
157 4655 321 4718 lectiones:

263 4765 311 4826 IX,
333 4767 356 4826 1,
376 4765 418 4814 21.
457 4763 593 4814 666179.
620 4789 657 4798 ·-
684 4765 701 4815 1.
723 4765 763 4814 18.
793 4764 882 4830 Egiga
907 4781 964 4815 rex.
989 4765 1093 4815 XVIII.
1119 4764 1182 4814 19.
1219 4761 1228 4824 Ι]
1264 4763 1282 4818 1.
1304 4766 1344 4813 19.
1373 4765 1415 4815 De
1437 4765 1612 4830 susceptione
1635 4765 1810 4830 fugitivorum

163 4854 220 4904 19.
252 4852 261 4915 Ι
292 4854 309 4903 1.
330 4855 372 4903 21.
401 4855 500 4918 quibns
519 4854 766 4919 persecutionibus,
787 4855 884 4918 quibus
903 4854 991 4905 titulis
1011 4854 1068 4905 19.
1101 4852 1109 4914 Ι]
1141 4854 1158 4904 1.
1178 4855 1221 4905 23.
1243 4849 1348 4917 verum]
1370 4869 1454 4904 unum
1474 4853 1530 4903 19.
1571 4847 1651 4918 quod]
1671 4854 1734 4918 quia
1753 4853 1810 4904 19.

158 4937 280 5006 difficile]
301 4941 454 4992 difficulter.
1335 4995 1339 5004 ¹

259 5049 287 5098 p.
308 5033 368 5094 364,
394 5032 410 5081 1.
432 5033 454 5082 1.
481 5030 524 5082 vel
545 5033 725 5082 diversorium
746 5034 774 5083 in
793 5027 900 5098 quibus]
924 5034 972 5084 ubi
997 5034 1165 5083 diversorum
1190 5031 1252 5082 19.
1289 5031 1298 5092 Ι]
1335 5033 1351 5082 1.
1372 5035 1396 5082 8.
1428 5026 1569 5098 prevento]
1596 5037 1721 5097 presente
1747 5031 1810 5082 19.

110 5135 138 5176 te
157 5123 173 5172 1.
195 5125 236 5172 11.
265 5127 404 5187 conponat
429 5121 498 5171 bene
527 5121 677 5172 solidorum
707 5116 847 5185 summam]
875 5123 945 5172 hanc
973 5122 1122 5174 solidorum
1150 5138 1254 5172 sumam
1283 5120 1408 5172 exsolvat
1433 5121 1495 5170 19.
1531 5118 1540 5180 ΙΙ
1575 5121 1591 5171 1.
1614 5122 1654 5171 12.
1683 5116 1810 5186 accipiat]

157 5211 352 5276 6661916119.
384 5209 393 5270 ΙΙ
423 5209 439 5261 1.
462 5212 502 5260 14.
529 5206 726 5276 possessorum]
746 5210 910 5277 populorum
930 5211 987 5264 19.
1013 5209 1022 5272 ΙΙ
1048 5213 1064 5261 1.
1084 5213 1126 5263 15.
1148 5205 1208 5273 sus]
1229 5209 1278 5261 iile
1297 5211 1354 5260 19.
1381 5207 1389 5270 ΙΙ
1415 5211 1432 5261 1.
1452 5211 1493 5260 11.
1516 5204 1620 5272 omnes]
1642 5210 1810 5262 66661119.

155 5301 234 5350 118.
263 5294 394 5366 ipsorum]
415 5298 523 5352 illorum
542 5300 599 5350 Vs.
632 5299 641 5360 ΙΙ
673 5301 689 5350 l.
711 5303 750 5350 19.
779 5301 930 5366 questionis
949 5301 1005 5350 Vs.
1062 5317 1110 5366 pro
1136 5299 1228 5366 penali
1256 5295 1467 5363 examinatione]
1494 5316 1542 5364 per
1561 5298 1685 5365 penalem
1712 5300 1810 5349 exami-

156 5390 294 5440 nationem
313 5389 371 5440 19.
404 5387 413 5448 ΙΙ
444 5391 461 5440 1.
481 5391 523 5440 22.
550 5385 607 5453 aut]
628 5407 660 5441 ac
686 5391 749 5441 19.
779 5388 788 5450 ΙΙ
818 5391 834 5440 l.
854 5391 897 5440 25.
924 5391 1088 5454 exquirenda
1107 5395 1263 5454 presentare
1283 5387 1516 5439 666666616119.
1547 5386 1556 5447 ΙΙ
1585 5389 1601 5438 1.
1622 5389 1663 5438 26.
1690 5387 1810 5439 iocorum

156 5481 276 5544 ipsorum
296 5479 352 5529 19.
391 5494 469 5544 quam
490 5481 572 5530 etiam
591 5479 690 5530 terniue
710 5480 767 5530 19.
791 5477 799 5540 ΙΙ
823 5481 839 5530 1.
854 5481 895 5530 31.
916 5475 1006 5542 huius]
1028 5486 1055 5530 61
1073 5481 1154 5530 huins
1175 5478 1231 5529 Vs.
1270 5472 1382 5540 subditi]
1396 5479 1512 5528 subiecti
1529 5477 1586 5527 19.
1610 5475 1619 5538 ΙΙ
1642 5477 1658 5527 1.
1673 5479 1714 5528 33.
1735 5478 1810 5528 16661-

108 5563 230 5632 4616611]
250 5569 448 5618 territoriorum
465 5569 587 5634 ipsorum
607 5569 663 5618 19.
706 5564 889 5634 flagellentur]
910 5568 1149 5634 669616616619.
1173 5567 1181 5628 ΙΙ
1205 5569 1221 5619 1.
1236 5569 1278 5619 35.
1298 5561 1424 5632 quadem]
1445 5563 1614 5631 61196619.
1638 5565 1646 5624 ΙΙ
1669 5567 1685 5615 l.
1700 5567 1743 5616 36.
1762 5567 1810 5616 im·

159 5651 245 5722 plere]
267 5656 415 5722 adimplere
434 5656 491 5707 19.
538 5657 630 5708 divine
650 5683 685 5692 —
704 5661 855 5724 astringant
874 5665 906 5708 nt
927 5655 968 5723 (p.
983 5659 1043 5718 865,
1063 5658 1079 5708 1.
1095 5655 1121 5718 1)
1142 5657 1324 5708 demontorium
1345 5656 1401 5705 19.
1610 5663 1611 5668 ’

214 5758 366 5803 11686616.
394 5759 411 5801 1.
1556 5762 1580 5809 V
