4432 6232
551 114 559 120 ·=
660 86 670 90 ”
706 75 796 138 'REX
818 79 1123 140 VISIGOTHORUM
1146 81 1182 150 V,
1202 80 1231 148 2,
1250 81 1280 136 o.
1301 80 1330 135 i.
1788 73 1852 136 215

292 168 341 180 An

170 196 226 210 A'f

194 279 299 349 Rern]
330 269 476 357 largitur,
508 277 544 334 ut
567 268 707 334 eandem
730 292 799 334 rem
828 267 910 356 ipse,
942 269 998 356 qui
1053 276 1141 347 lora]
1171 268 1279 354 potius
1309 267 1528 331 firmissimum
1559 267 1630 348 erit,
1663 267 1749 354 quod
1779 277 1853 354 post
1872 278 1988 353 v,a,o.

198 378 306 460 donat,
331 375 572 442 usufructuario
597 377 667 441 iure
691 375 867 463 possideat,
898 385 931 441 et
953 376 999 440 ita
1053 376 1260 439 testationem
1284 395 1349 438 non
1373 372 1491 437 tradite
1515 373 1674 460 scripture
1699 373 1852 439 definisse

197 495 270 571 post
294 485 365 548 eius
388 493 524 548 mortem
548 479 590 547 ad
614 481 715 566 illum,
740 484 793 548 cui
817 482 997 566 donaverit,
1054 481 1270 570 cognoscitur.
1318 494 1398 556 Quod
1426 495 1449 544 si
1477 495 1581 559 ipsum,
1611 497 1655 545 cui
1684 511 1726 546 res
1752 496 1852 547 donate

195 613 246 655 res
278 589 400 655 donata
429 589 602 677 pertineat,
634 591 712 676 quia
743 589 918 656 similitudo
949 599 999 654 est
1053 604 1171 660 fuerant,
1190 601 1282 652 satalia
1302 617 1384 652 casus
1404 603 1437 651 ab
1456 603 1508 654 hac
1522 604 1579 652 vita
1591 603 1762 663 subduxerit,
1777 608 1851 654 ante-

165 698 396 780 wastanensi,
436 693 571 761 habebit
608 693 776 762 licentiam
817 691 999 761 inmutandi
1054 725 1134 774 quarn
1154 725 1210 759 rem
1229 709 1282 758 sibi
1302 708 1430 759 donatam
1450 715 1568 774 caperet,
1588 709 1622 758 ad
1636 710 1796 761 donatorem
1810 709 1852 760 rel

195 805 405 870 volumtatem
430 827 532 886 suam,
566 801 697 890 qnando
720 803 870 885 voluerit,
901 804 997 868 etiam
1054 815 1088 866 ad
1108 816 1222 866 heredes
1243 817 1383 866 donatoris
1403 832 1446 866 res
1465 817 1526 882 ipsa
1544 817 1688 881 pertineat.
1720 817 1852 878 Quivero

195 913 222 976 si
246 913 281 976 in
304 911 392 976 nullo
425 910 530 976 lesum
559 910 659 976 fuisse
691 933 726 975 se
757 910 885 975 dixerit.
938 908 998 974 Illa
1054 923 1104 973 sub
1124 922 1175 972 hae
1196 925 1343 973 occasione
1364 921 1486 988 largitur,
1514 930 1544 973 ut
1564 923 1677 974 eandem
1702 941 1758 974 rem
1784 925 1852 991 ipse,

195 1042 290 1102 vero,
331 1020 387 1107 qui
422 1017 507 1083 falsa
542 1017 716 1083 donatione
756 1019 998 1083 circumventus
1054 1030 1099 1094 qui
1119 1029 1211 1089 donat,
1231 1031 1435 1080 usufructuario
1454 1032 1512 1080 iure
1532 1031 1680 1096 possideat,
1700 1032 1778 1081 etita
1790 1039 1853 1097 post

195 1125 319 1213 aliquid
353 1128 388 1190 in
423 1125 593 1190 utilitatem
629 1124 794 1190 donatoris
830 1123 997 1212 expendit,
1054 1137 1113 1187 eius
1132 1143 1245 1187 mortem
1267 1137 1302 1188 ad
1323 1135 1407 1194 illum,
1433 1138 1479 1186 cui
1505 1137 1657 1198 donaverit,
1683 1155 1726 1189 res
1751 1138 1852 1189 donata

154 1259 177 1296 10
195 1244 252 1297 aut
289 1232 332 1298 ab
372 1234 443 1320 ipso
483 1233 639 1298 donatore
681 1231 820 1320 recipiat
858 1242 914 1296 aut
955 1230 997 1295 ab
1052 1243 1195 1309 pertinent,
1222 1246 1286 1308 qnia
1312 1243 1462 1295 similitudo
1489 1251 1529 1294 est
1553 1247 1715 1305 asamona,
1740 1245 1854 1295 habebis

196 1341 265 1405 eius
288 1339 476 1422 heredibus,
500 1363 542 1404 ne
558 1339 677 1404 iniuste
694 1338 815 1403 damna
829 1339 997 1420 sustineat,
1052 1350 1190 1401 licentiam
1227 1351 1380 1402 inmutandi
1412 1350 1580 1402 voluntatem
1615 1368 1705 1410 suam,
1743 1352 1852 1418 quando

194 1449 249 1534 qui
273 1446 400 1512 1110111111
424 1469 458 1512 se
483 1446 604 1512 habere
621 1446 662 1512 de
677 1445 767 1511 inani
783 1445 996 1533 promissione
1052 1456 1179 1515 voluerit,
1199 1457 1281 1508 ctiam
1301 1459 1371 1509 siin
1390 1457 1468 1510 nullo
1489 1456 1575 1510 lesum
1593 1459 1677 1509 fnisse
1697 1475 1726 1509 se
1745 1457 1852 1509 dixerit.

194 1551 339 1642 putabat.
1052 1563 1104 1615 Ille
1130 1581 1205 1624 vero,
1232 1567 1279 1630 qui
1305 1564 1375 1616 salsa
1402 1565 1549 1616 donatione
1576 1567 1778 1616 circumventus
1804 1563 1852 1615 ali-

1052 1673 1117 1738 quid
1137 1673 1165 1722 in
1185 1671 1333 1723 utilitatem
1352 1673 1492 1723 donatoris
1513 1673 1648 1738 expendit,
1671 1679 1719 1723 aut
1737 1674 1772 1722 ab
1791 1673 1852 1738 ipso

155 1790 178 1828 io
1022 1767 1025 1852 l
1051 1780 1185 1830 donatore
1206 1781 1322 1846 recipiat
1340 1785 1389 1830 aut
1409 1780 1443 1830 ab
1463 1781 1521 1830 eius
1535 1779 1689 1839 heredibus,
1703 1795 1737 1830 ne
1751 1779 1851 1830 iniusto

1051 1886 1150 1935 damna
1169 1887 1311 1945 sustineat,
1332 1887 1378 1951 qui
1404 1885 1508 1938 lucrum
1535 1903 1564 1936 se
1590 1887 1690 1937 habere
1717 1887 1750 1936 de
1776 1887 1852 1936 inani

1051 1993 1230 2058 promissione
1261 1995 1384 2060 putabat.
1434 1975 1532 2044 Certe
1563 1981 1591 2043 si
1621 1980 1768 2066 quisquis
1798 1978 1851 2043 ille

1050 2108 1120 2150 rem
1143 2084 1308 2168 donatam,
1326 2088 1395 2151 aive
1414 2107 1474 2174 per
1496 2087 1703 2151 traditionem
1721 2086 1850 2151 condite

1050 2193 1209 2280 scripture
1234 2195 1303 2258 sive
1327 2217 1386 2280 per
1410 2195 1688 2279 consignationem
1712 2191 1765 2257 vel
1788 2205 1852 2256 tra-

1051 2299 1206 2365 ditionem
1228 2323 1348 2384 rerum,
1372 2302 1407 2364 in
1430 2302 1500 2365 inre
1525 2323 1582 2365 suo
1598 2299 1794 2387 perceperit,
1820 2311 1852 2364 ct

1050 2406 1273 2494 conplacuerit
1296 2408 1337 2490 ei,
1361 2418 1397 2472 ut
1420 2406 1559 2472 donator
1581 2427 1650 2472 rem
1669 2408 1775 2494 ipsam
1791 2429 1851 2494 per

1048 2513 1249 2579 voluntatem
1284 2515 1369 2597 eius,
1405 2515 1461 2601 qui
1491 2537 1563 2579 eam
1594 2514 1749 2579 donatam
1778 2536 1850 2600 per-

1049 2621 1154 2707 cepit,
1189 2621 1371 2708 possideat,
1411 2623 1477 2686 iam
1512 2623 1539 2686 si
1573 2623 1608 2686 in
1645 2621 1850 2708 postmodum

1049 2727 1186 2792 fortasse
1211 2729 1393 2815 contigerit,
1417 2739 1454 2793 ut
1475 2730 1557 2816 ipse,
1581 2730 1637 2815 qui
1660 2751 1730 2793 rem
1751 2727 1850 2793 dona·

1049 2844 1117 2899 tam
1139 2846 1343 2922 perceperat,
1366 2837 1498 2900 vivente
1523 2835 1679 2900 donatore
1707 2837 1849 2902 moriens

1049 2940 1091 3006 ab
1116 2941 1177 3006 hae
1200 2943 1270 3006 vita
1294 2941 1458 3007 discedat:
1483 2941 1640 3029 quicquid
1664 2943 1704 3008 de
1728 2965 1763 3007 re
1788 2941 1851 3006 sibi

1051 3048 1172 3114 donata
1193 3047 1341 3114 iudicare
1357 3049 1507 3132 voluerit,
1531 3048 1696 3114 licentiam
1719 3049 1848 3114 habeat.

1050 3155 1147 3236 Quod
1186 3155 1213 3220 si
1252 3157 1424 3221 intestatus
1464 3156 1666 3240 discesserit,
1705 3179 1770 3221 non
1809 3156 1851 3220 ad

1050 3263 1250 3345 donatorem,
1275 3263 1333 3328 sed
1358 3262 1400 3327 ad
1424 3262 1560 3328 heredes
1584 3265 1664 3346 eius,
1696 3265 1752 3350 qui
1781 3286 1850 3328 rem

1049 3370 1202 3435 donatam
1232 3371 1389 3457 percepit,
1421 3393 1473 3434 res
1504 3369 1619 3434 eadem
1650 3371 1719 3434 sine
1750 3369 1850 3434 dubio

1048 3476 1233 3564 pertinebit.

191 3677 385 3749 nonnam}
873 3682 938 3738 vu.
981 3681 1171 3747 auricus.
1869 3688 1904 3758 1,
1916 3687 1946 3759 a,
1958 3687 1986 3745 r.

414 3796 474 3860 De
505 3795 630 3862 rebus
661 3797 772 3862 inter·
803 3798 991 3862 maritum
1024 3809 1062 3863 et
1092 3821 1262 3863 uxorem
1293 3800 1474 3863 invicem
1506 3798 1627 3864 datis.

127 3925 177 4024 ¹¹1⁸*-
303 3921 461 3985 11111111ι
486 3922 513 3985 si
537 3923 632 3986 uxori
657 3945 714 3986 sue
739 3921 861 4010 aliquid
886 3922 1067 4007 donaverit,
1093 3922 1133 3988 de
1157 3923 1230 4007 hoc,
1262 3924 1351 4011 quod
1373 3926 1446 4011 ipsa
1469 3923 1531 3989 sibi
1553 3923 1675 3990 habere
1700 3925 1849 4008 voluerit,

153 4165 177 4206 11
248 4160 281 4218 V,
301 4161 325 4216 2,
346 4161 370 4210 6.
407 4160 469 4210 14.
495 4155 568 4226 quia]
587 4162 634 4227 qui
654 4159 715 4211 Jir.
748 4160 756 4220 11
788 4162 805 4212 l.
825 4164 850 4212 9.
876 4161 995 4214 utilitate
1105 4163 1139 4221 V,
1159 4165 1183 4221 2,
1204 4165 1228 4213 o.
1275 4165 1340 4214 14.
1369 4162 1445 4215 fatali
1474 4164 1502 4215 E
1520 4168 1543 4214 1.
1597 4166 1759 4216 subduxerit
1785 4183 1849 4216 corr.

146 4263 149 4299 ³.
195 4248 257 4299 112.
302 4249 458 4314 expendidit
476 4248 538 4300 112.
572 4249 579 4306 l
612 4249 629 4300 1.
651 4252 691 4300 10.
718 4247 841 4316 recipiat]
862 4253 996 4317 percipiat
1050 4253 1214 4304 subtraxerit
1233 4253 1295 4303 Ε2.
1319 4253 1327 4314 ΙΙ
1350 4254 1406 4304 18.
1426 4249 1519 4316 donat]
1541 4253 1656 4304 donatus
1677 4253 1745 4317 n1;
1765 4257 1850 4306 donat

156 4411 158 4416 ‚
195 4338 257 4389 112.
289 4335 298 4397 ΙΙ
330 4339 346 4388 i.
368 4340 409 4389 12.
435 4339 599 4390 11111112.
1049 4341 1361 4393 armamentariis
1380 4341 1442 4392 Ε2.
1480 4344 1518 4393 111
1539 4345 1577 4392 ita
1598 4343 1653 4392 l'l.
1676 4342 1685 4402 ll
1708 4345 1724 4393 l.
1741 4347 1780 4394 13.
1801 4342 1848 4394 sal-

157 4439 159 4463 1
1050 4447 1107 4480 sam
1127 4431 1302 4483 donationem
1322 4431 1350 4481 E
1360 4434 1385 4483 2.
1417 4432 1426 4492 ΙΙ
1458 4433 1474 4482 l.
1496 4434 1536 4482 14.
1564 4431 1678 4482 utilitato
1700 4431 1726 4481 Ε
1736 4435 1761 4482 2.
1806 4451 1849 4482 cx·

165 4563 167 4566 .
1022 4479 1024 4596 l
1051 4521 1177 4586 penderit
1195 4520 1257 4572 Ε2.
1278 4521 1335 4570 Vl.
1354 4525 1379 4570 1.
1399 4522 1423 4573 0,
1479 4523 1539 4586 ipso
1566 4538 1614 4586 pro
1634 4522 1766 4572 donatore
1788 4521 1849 4573 Ε2.

167 4597 179 4652 l
1051 4610 1067 4660 l.
1091 4611 1131 4659 lo.
1163 4611 1309 4674 dampnum
1335 4603 1397 4660 Va.
1438 4609 1447 4668 ll
1487 4611 1504 4661 l.
1529 4612 1570 4660 18.
1601 4611 1748 4661 traditione
1780 4610 1808 4661 Ε
1825 4614 1849 4661 l.

174 4709 176 4716 ’
1049 4698 1066 4748 l.
1087 4699 1129 4749 20.
1157 4700 1185 4749 in
1211 4701 1269 4749 iuro
1296 4693 1357 4763 sno]
1383 4701 1443 4750 iure
1469 4715 1518 4749 suo
1545 4699 1572 4750 a
1588 4702 1620 4760 2;
1648 4701 1677 4750 iu
1703 4702 1743 4750 ius
1769 4717 1849 4752 suuni

1057 4787 1080 4835 V
1100 4789 1125 4838 8.
1198 4795 1224 4838 11
1259 4787 1445 4854 conplacuerit
1480 4815 1515 4821 —
1550 4790 1671 4856 percepit
1700 4789 1751 4840 des.
1783 4788 1807 4838 V
1824 4791 1849 4840 i.

185 4889 189 4953 1
1050 4877 1066 4926 l.
1087 4879 1128 4927 21.
1156 4877 1274 4927 donator
1299 4872 1364 4940 reru]
1392 4879 1551 4928 donatorem
1573 4877 1601 4927 E
1616 4881 1639 4928 l.
1672 4879 1680 4939 ll
1713 4879 1792 4930 124.
1820 4884 1849 4928 nt

192 5009 197 5022 ,
1050 4967 1103 5032 ipsi
1122 4965 1191 5028 n13
1210 4973 1240 5016 ut
1259 4968 1282 5017 si
1302 4969 1359 5032 ipse
1380 4967 1436 5017 Va.

195 5063 199 5117 1
301 5053 335 5109 V,
355 5053 379 5112 2,
401 5053 424 5103 1.
463 5051 540 5102 tbdd.
560 5053 585 5103 R
601 5056 623 5103 1.
644 5055 668 5104 2.
689 5056 712 5104 3.
734 5053 962 5106 11121712.
989 5057 1013 5106 3.
1040 5058 1064 5105 4.
1091 5057 1115 5105 5.
1135 5057 1159 5106 i.
1182 5053 1236 5118 (11.
1264 5056 1305 5106 18.
1332 5052 1388 5117 20).
1422 5081 1453 5090 -
1485 5057 1564 5108 132.
1590 5057 1758 5117 Aristona
1783 5056 1849 5107 deest

200 5135 256 5279 pt.
276 5143 300 5192 3.
320 5140 383 5192 ni.
403 5141 460 5192 Vl.
481 5145 505 5192 4.
526 5145 550 5194 5.
570 5144 613 5194 20.
636 5141 645 5202 ΙΙ
669 5143 742 5193 tsi.
763 5145 1092 5211 ποτὶ-1111111113.
1128 5146 1216 5210 ipsam
1235 5144 1263 5194 E
1273 5147 1296 5196 2.
1334 5146 1387 5196 sibi
1404 5145 1626 5200 (1111111211).
1644 5146 1847 5197 Vatinio.

213 5351 219 5443 1
303 5341 333 5412 l)
358 5341 535 5400 Donationea
558 5341 632 5399 inter
647 5341 777 5419 conlapsa
794 5351 861 5418 post
878 5343 1004 5418 prirnam
1028 5343 1201 5402 monstranti
1215 5363 1320 5402 annam
1337 5347 1410 5423 lepos
1426 5345 1628 5422 Waipotltcrum
1645 5344 1848 5414 concertantia·

222 5447 302 5520 ,Hi
330 5450 357 5519 1,
384 5449 401 5506 5
427 5443 467 5525 (p.
495 5443 589 5525 129);
620 5449 660 5521 cs.
688 5450 720 5522 V,
746 5449 774 5520 2,
801 5451 829 5506 4.
856 5451 885 5506 5.

224 5517 235 5656 l

232 5667 239 5765 1
