4388 6226
366 335 430 398 474
807 339 1103 397 SUPPLEMENTA.
1128 369 1171 378 -—
1196 337 1310 394 CONC.
1335 339 1475 394 TOLET.
1498 324 1592 392 vlu(

367 527 571 616 glorificandi
611 538 685 592 sunt
723 528 844 608 saneti,
887 538 922 590 nt
961 549 1185 613 quaecumque
1224 527 1355 612 negotia
1393 525 1433 590 de
1473 524 1692 612 quorumlibet
1730 524 1864 611 querela
1902 523 2022 586 vestris

367 633 532 700 auditibus
558 635 725 698 extiterint
748 633 922 720 patefacta,
947 657 1019 698 cum
1043 634 1184 698 iustitiae
1209 634 1321 720 vigore
1346 632 1600 697 misericorditer
1623 649 1744 696 etcum
1762 639 2021 717 temperamento

366 742 583 806 miserationis
614 741 788 805 iustissime
812 763 888 804 eum
916 753 1027 804 nostra
1058 741 1265 804 conniventia
1295 741 1491 816 terminetis3
1523 741 1556 803 in
1586 739 1694 824 legum
1726 738 1903 818 sententiis,
1937 759 2021 822 quae

367 861 423 914 aut
457 847 638 934 depravata
673 848 854 912 consistunt
888 859 943 912 aut
979 870 1021 910 ex
1056 846 1219 933 superfluo
1249 845 1302 911 vel
1333 845 1478 910 indebito
1514 847 1662 910 coniecta
1691 844 1853 926 ridentur,
1889 854 2021 908 nostrae

367 956 550 1020 serenitatis
574 953 840 1018 accommodante
866 976 1035 1034 consensu,
1060 953 1140 1018 haee
1158 954 1236 1034 sola,
1261 977 1344 1039 qnae
1361 953 1403 1018 ad
1420 955 1581 1018 sinceram
1597 953 1752 1016 iustitiam
1769 965 1801 1016 et
1816 953 2021 1036 negotiorum
2040 973 2053 1012 ⁵

367 1062 595 1128 sufficientiam
620 1061 827 1142 conveniunt,
852 1060 1023 1138 ordinetis3
1056 1083 1216 1125 canonum
1241 1060 1380 1126 obscura
1405 1059 1565 1146 quaedam
1590 1071 1621 1123 et
1645 1061 1678 1122 in
1702 1057 1835 1123 dubium
1860 1081 1957 1122 uersa
1987 1059 2021 1120 in

367 1168 536 1233 meridiem
560 1167 689 1232 lucidae
713 1167 946 1252 intelligentiae
971 1167 1134 1232 reducatis
1159 1169 1366 1253 omniumque
1390 1168 1593 1252 negotiorum
1610 1177 1789 1230 conventus
1806 1164 2021 1250 ordinumque

368 1285 479 1356 status,
505 1276 561 1362 qui
584 1275 780 1338 in'vestram
805 1275 971 1338 extiterint
991 1273 1134 1338 devoluti
1159 1275 1386 1360 praesentiam,
1411 1275 1457 1338 ita
1472 1275 1630 1338 maiorum
1647 1272 1767 1359 regidis
1784 1271 2021 1336 concordantes

367 1383 554 1462 iustissime,
579 1383 632 1468 pie
657 1404 695 1446 ac
720 1392 940 1467 temperanter
964 1382 1159 1444 constituere
1184 1381 1351 1462 studeatis,
1375 1392 1410 1444 ut
1434 1393 1466 1444 et
1484 1379 1574 1453 mihi,
1592 1381 1669 1466 quia
1685 1379 1863 1444 studiorum
1880 1378 2021 1442 fmcuim

367 1487 526 1554 bonorum
551 1488 678 1568 anhela,
703 1511 778 1575 pars
803 1487 971 1552 beatorum
995 1487 1159 1569 adveniat,
1191 1499 1222 1552 et
1245 1510 1314 1570 vos,
1346 1489 1498 1573 quoniam
1530 1487 1700 1573 implentes
1730 1485 1930 1550 voluntatem
1955 1485 2021 1548 Dei
2041 1509 2066 1547 ro

368 1619 419 1660 me
443 1618 509 1660 non
533 1596 685 1681 spernitis
709 1596 954 1680 imprecantem,
977 1596 1068 1679 regio
1092 1592 1303 1658 beatitudinis
1327 1605 1479 1658 aeternae
1511 1594 1677 1680 suscipiat,
1709 1604 1741 1656 et
1765 1594 1846 1656 visio
1879 1591 2022 1656 delecta·

368 1704 464 1767 tionis
495 1702 559 1766 Dei
594 1701 655 1766 sibi
687 1703 874 1787 perenniter
904 1701 1073 1765 inhaerere
1106 1701 1273 1766 concedat.
1320 1701 1388 1766 Vos
1420 1702 1516 1766 etiam
1552 1701 1692 1764 illustres
1727 1701 1825 1778 viros,
1862 1721 1943 1786 qnos
1978 1721 2021 1762 ex

369 1810 476 1874 officio
508 1809 650 1896 palatino
682 1808 756 1872 huic
788 1820 920 1872 sanctae
952 1807 1076 1894 synodo
1111 1809 1267 1872 interesse
1302 1831 1372 1872 mos
1408 1809 1593 1893 primaevus
1629 1806 1768 1872 obtinuit
1798 1829 1836 1870 ae
1867 1804 2022 1874 nobilitas

370 1915 584 2002 expectabilis
625 1915 796 1979 honoravit
834 1927 866 1978 et
904 1915 1107 2000 experientia
1142 1916 1315 2001 aequitatis
1350 1913 1493 2000 plebium
1529 1927 1671 1978 rectores
1707 1914 1833 1998 exegit,
1871 1935 1952 2000 qnos
1987 1914 2021 1976 in

370 2025 526 2109 regimine
563 2023 685 2103 socios,
720 2023 754 2085 in
785 2021 982 2086 adversitate
1013 2021 1094 2086 lidos
1126 2035 1158 2086 et
1187 2023 1219 2086 in
1250 2023 1414 2108 prosperis
1446 2021 1625 2107 amplector
1655 2035 1819 2100 strenuos,
1851 2043 1910 2106 per
1940 2042 2021 2106 quos
2042 2041 2067 2080 rs

370 2132 493 2195 iustitia
523 2129 613 2215 leges
644 2129 772 2215 implet,
808 2129 972 2192 miseratio
1003 2129 1092 2214 leges
1123 2128 1275 2206 inflectit,
1308 2141 1339 2192 et
1371 2143 1484 2193 eontra
1514 2129 1670 2192 iustitiam
1701 2127 1808 2212 legum
1839 2127 2022 2191 moderatio

369 2239 543 2324 aequitatis
567 2237 814 2322 temperantiam
839 2235 919 2320 legis
943 2247 1123 2322 extorquet,
1149 2235 1301 2300 adiurans
1333 2233 1476 2299 obtestor
1505 2257 1565 2322 per
1595 2257 1689 2300 omne
1720 2234 1799 2298 illud
1829 2233 2021 2298 admirabile

369 2355 402 2408 et
425 2344 528 2408 solum
552 2345 647 2407 unius
672 2364 784 2406 sacrae
809 2342 886 2406 fidei
910 2353 1158 2422 sacramentum,
1183 2365 1246 2429 quo
1271 2341 1491 2407 venerabilem
1516 2343 1657 2406 omnium
1683 2353 1867 2405 sanctorum
1892 2353 2022 2426 patrum

370 2474 440 2514 sum
465 2449 645 2514 obtestatus
670 2459 875 2530 conventum,
899 2461 934 2513 ut
958 2448 1000 2512 ad
1023 2459 1131 2514 tantae
1157 2451 1303 2514 veritatis
1327 2473 1366 2514 ae
1391 2449 1596 2513 discretionis
1624 2449 1818 2512 iustissimae
1850 2447 2022 2512 formulam

369 2559 414 2622 ita
437 2558 562 2622 animos
588 2557 745 2642 dirigatis,
777 2569 813 2620 ut
836 2555 915 2620 nihil
946 2578 965 2618 a
996 2577 1156 2620 consensu
1187 2557 1406 2642 praesentium
1437 2569 1565 2642 patrum
1598 2569 1846 2641 sanctorumque
1877 2557 2022 2619 virorum
2042 2581 2068 2622 20

369 2663 522 2729 aliorsum
553 2665 669 2728 mentis
701 2662 857 2728 ducentes
889 2661 1045 2744 obtutum,
1077 2661 1236 2749 quidquid
1265 2665 1470 2728 innocentiae
1501 2665 1655 2743 vicinum,
1688 2661 1847 2748 quidquid
1877 2664 2022 2726 iustitiae

369 2772 565 2858 proximum,
590 2770 749 2858 quidquid
773 2793 792 2833 a
816 2770 936 2856 pietate
962 2791 1026 2832 non
1045 2769 1186 2833 alienum
1211 2769 1262 2833 vel
1287 2769 1345 2834 soli
1363 2770 1435 2834 Deo
1460 2770 1678 2856 cognoveritis
1696 2770 1836 2832 existere
1854 2768 2021 2855 placitum,

369 2879 537 2960 instanter,
568 2877 712 2962 modeste
738 2889 867 2942 etcum
892 2878 978 2941 omni
1003 2877 1180 2962 dignemini
1213 2877 1389 2941 intentione
1414 2877 1587 2963 complere,
1620 2878 1768 2950 seientes,
1800 2877 1876 2962 quia
1907 2877 1940 2940 in
1971 2899 2021 2956 eo,

370 2984 457 3070 quod
481 2984 562 3049 haec
586 3006 659 3048 mea
690 2982 832 3047 salubria
855 2995 930 3046 vota
955 2983 1133 3070 completis,
1158 3007 1215 3048 vos
1240 2984 1312 3047 Deo
1337 2983 1493 3048 amabiles
1525 2984 1707 3068 assignatis,
1739 2997 1771 3047 et
1795 2984 1828 3046 in
1853 3005 1901 3064 eo,
1934 2983 2023 3070 quod

370 3091 573 3156 decretorum
597 3103 778 3154 vestrorum
810 3090 918 3154 edicta
947 3089 1068 3154 favoris
1100 3089 1299 3155 exhibitione
1330 3091 1514 3171 corroboro,
1546 3113 1597 3154 rne
1629 3089 1798 3154 vobiscum
1829 3091 1923 3154 simul
1948 3091 2022 3155 Deo
2042 3116 2068 3154 es

369 3197 563 3285 placiturum
600 3197 740 3283 assigno.
799 3197 838 3260 ln
873 3219 1043 3260 commune
1074 3197 1140 3260 inm
1170 3197 1263 3261 vobis
1295 3200 1436 3279 sanctia,
1471 3211 1502 3262 et
1534 3220 1574 3261 ex
1607 3197 1716 3261 divino
1748 3196 1835 3262 cultu
1865 3198 2023 3262 ministris

370 3305 496 3368 idoneis
521 3315 552 3369 et
576 3327 617 3368 ex
642 3303 715 3369 aula
739 3304 830 3388 regia
860 3303 1039 3368 rectoribus
1071 3303 1225 3368 decenter
1256 3304 1377 3381 electis
1410 3304 1511 3368 divini
1543 3305 1681 3368 norninis
1712 3303 1914 3369 adiuratione
1947 3328 2022 3369 con-

371 3413 499 3492 strictis,
524 3411 629 3476 adieio
648 3410 868 3475 consensionis
892 3433 985 3474 oreae
1006 3433 1118 3474 verum
1144 3434 1322 3498 purumque
1347 3413 1550 3498 promissum,
1571 3425 1615 3488 ut,
1633 3411 1861 3497 quodcumque
1878 3413 2023 3475 iustitiae

370 3531 424 3583 aut
448 3519 562 3605 pietati
586 3517 783 3604 salutarique
809 3517 995 3582 discretioni
1020 3518 1163 3581 ricirnnn
1195 3517 1371 3582 decernere
1403 3541 1459 3582 seu
1491 3517 1668 3604 adimplere
1700 3541 1774 3581 cum
1805 3529 1914 3582 nostro
1947 3541 2023 3582 corr-

370 3648 466 3690 sensu
490 3625 663 3710 elegeritis,
688 3625 797 3688 omnia
820 3624 950 3688 favente
975 3624 1048 3688 Deo
1073 3625 1238 3710 perficiam
1264 3636 1295 3688 et
1319 3624 1474 3688 adversus
1492 3623 1710 3689 onmimodam
1727 3626 2021 3689 controversiarum
2043 3651 2069 3689 so

370 3731 538 3819 querelam
573 3731 745 3818 principali
780 3732 972 3795 auctoritate
1008 3731 1149 3794 muniam
1189 3753 1227 3794 ac
1267 3730 1450 3795 delendam.
1508 3732 1700 3794 Praemissis
1735 3731 1814 3812 iltis,
1856 3755 1940 3818 quae
1979 3731 2022 3797 ad

370 3839 566 3904 domesticos
590 3838 666 3902 fidei
690 3839 802 3924 regula
825 3839 972 3901 veritatis
996 3838 1190 3924 pertinuisse
1214 3836 1374 3923 probarit,
1400 3837 1505 3902 adhuc
1524 3837 1612 3902 aliud
1628 3861 1648 3901 a
1664 3837 1875 3902 beatitudinis
1891 3851 2022 3903 vestrae

371 3959 532 4010 conventu
563 3944 708 4010 eiusdem
739 3944 815 4008 fidei
846 3944 985 4008 auiditas
1016 3955 1129 4007 sancta
1160 3943 1321 4029 deposcit,
1357 3956 1568 4009 connectente
1599 3967 1650 4008 me
1686 3947 1719 4009 in
1755 3948 2022 4032 sequestrationis

371 4053 510 4118 confinio
535 4075 677 4133 eausam,
703 4074 786 4138 quae
811 4075 830 4115 a
853 4063 962 4115 nostro
988 4050 1138 4136 dogmate
1162 4050 1318 4136 probatur
1342 4063 1509 4130 extranea,
1535 4075 1641 4137 quam,
1666 4051 1743 4116 licet
1758 4075 1818 4138 per
1834 4075 1885 4116 me
1901 4051 2022 4117 lucrari

370 4158 517 4224 Christus
541 4170 682 4244 exoptet,
707 4160 872 4223 inimicam
897 4157 958 4221 sibi
982 4170 1090 4221 tamen
1121 4180 1193 4221 esse
1223 4180 1287 4222 non
1319 4157 1464 4244 ambigit,
1496 4159 1599 4222 donec
1631 4158 1718 4245 quod
1749 4159 1901 4223 ardenter
1932 4171 2023 4246 optat
2041 4187 2067 4226 aa

371 4266 539 4330 evidenter
563 4263 716 4330 obtineat.
763 4265 959 4329 ludaeorum
984 4263 1108 4328 scilicet
1132 4276 1164 4328 et
1186 4266 1288 4329 vitam
1314 4288 1485 4351 moresque
1517 4267 1682 4344 denuntio,
1715 4289 1851 4352 qnorum
1882 4279 2021 4330 tantum·

371 4372 466 4437 modo
502 4374 578 4436 novi
608 4384 728 4436 terram
762 4373 929 4457 regiminis
964 4372 1028 4435 mei
1063 4370 1219 4456 pollutam
1255 4394 1325 4436 esse
1360 4385 1451 4458 peste
1488 4373 1640 4457 contagii,
1698 4373 1783 4436 Nam
1819 4395 1892 4436 eum
1928 4373 2022 4436 Deus

371 4481 574 4565 omnipotens
598 4501 709 4542 omnes
734 4501 776 4542 ex
800 4478 860 4542 hae
884 4480 1016 4563 regione
1042 4477 1197 4542 radicitus
1221 4480 1434 4565 extirpaverit
1458 4478 1598 4559 hereses,
1631 4478 1691 4543 hoe
1723 4479 1825 4544 solnm
1856 4480 2023 4564 sacrilegii

370 4585 512 4650 dedecus
547 4587 742 4649 remansisse
779 4585 988 4670 dignoscitur,
1025 4584 1111 4671 quod
1147 4597 1202 4648 stit
1236 4599 1364 4649 nostrae
1396 4587 1578 4650 devotionis
1608 4587 1763 4650 instantia
1794 4588 1937 4672 corrigat
1967 4599 2022 4651 aut

370 4692 500 4756 ultionis
531 4715 609 4756 suae
640 4691 786 4756 vindicta
816 4690 992 4777 disperdat.
1045 4691 1098 4756 Ex
1129 4690 1179 4754 his
1211 4693 1295 4755 enim
1327 4693 1484 4778 quosdam
1515 4692 1697 4756 traditionis
1728 4715 1836 4756 errore
1873 4704 2021 4758 vetustae
2040 4719 2068 4759 ro

369 4799 466 4863 video
489 4801 629 4863 retinere
654 4800 723 4863 iura
747 4798 913 4884 perfidiae,
939 4797 1096 4885 quosdam
1119 4821 1197 4862 vero
1223 4800 1306 4862 sacri
1330 4797 1533 4885 baptismatis
1558 4801 1706 4886 expiatos
1730 4799 1894 4864 ablutione
1918 4801 1964 4864 ita
1987 4803 2022 4864 in

370 4907 553 4992 apostasiae
577 4904 670 4970 doleo
694 4905 839 4991 relapsos
868 4927 1020 4987 errorem,
1051 4916 1087 4969 ut
1117 4904 1338 4969 detestabilior
1368 4907 1551 4970 inveniatur
1580 4907 1615 4969 in
1646 4909 1691 4971 eis
1722 4907 1904 4992 profanatio
1936 4905 2021 4971 blas-

370 5012 530 5098 phemiae,
563 5035 661 5099 quam
692 5013 725 5075 in
756 5011 828 5092 illis,
860 5034 940 5098 quos
970 5011 1114 5076 nondum
1146 5024 1271 5075 constat
1302 5013 1486 5098 purificatos
1518 5035 1588 5077 esse
1620 5015 1876 5099 regenerationis
1907 5037 2021 5080 sacrae

369 5119 505 5205 liquore.
551 5119 615 5182 Pro
641 5141 704 5204 quo
728 5117 833 5182 bonae
864 5119 1052 5183 intentionis
1083 5141 1187 5204 agone
1219 5129 1251 5181 et
1280 5117 1370 5182 lucro
1401 5119 1477 5183 fidei
1508 5142 1605 5184 verae
1638 5119 1772 5184 obsecro
1803 5123 2021 5186 reverentiam

370 5223 579 5290 beatitudinis
603 5237 731 5289 restrae
757 5236 854 5311 atque
878 5248 937 5311 per
954 5248 1051 5311 supra
1067 5235 1213 5289 taxatum
1231 5239 1394 5289 contestor
1410 5226 1597 5291 tremendae
1615 5227 1846 5292 coniurationis
1863 5241 2020 5306 tenorem,
2040 5257 2067 5296 a

368 5343 404 5397 ut
427 5332 551 5420 absque
576 5335 664 5397 omni
686 5333 809 5414 farore,
835 5331 958 5418 absque
983 5333 1069 5396 omni
1092 5355 1304 5418 personarum
1334 5334 1432 5418 partis
1463 5335 1606 5419 ipsorum
1638 5336 1830 5420 acceptione
1861 5335 2021 5422 quidquid

368 5440 410 5504 ad
435 5440 556 5505 domini
582 5450 613 5504 et
636 5439 851 5526 redemptoris
875 5440 938 5503 mei
954 5439 1029 5502 lesu
1047 5439 1166 5503 Christi
1189 5460 1301 5502 reram
1326 5439 1423 5504 fidem
1440 5463 1617 5526 verumque
1638 5442 1777 5527 pertinet
1794 5440 1835 5505 ad
1852 5441 2020 5524 honorem,

350 5548 409 5612 'de
434 5548 483 5612 his
508 5546 647 5612 lubeatis
671 5547 823 5611 ardenter
847 5560 879 5610 et
902 5546 1069 5610 verissime
1087 5545 1160 5608 Deo
1184 5567 1222 5609 ae
1246 5546 1322 5609 fidei
1346 5571 1437 5611 meae
1462 5547 1616 5633 placitam
1640 5549 1833 5623 sententiam
1859 5549 1948 5632 dare,
1975 5564 2020 5632 ut,

368 5657 452 5720 sieut
482 5654 561 5718 mihi
593 5654 704 5718 divina
738 5655 843 5739 pietas
878 5654 1023 5738 regimen
1054 5652 1196 5716 fidelium
1229 5652 1334 5732 dedit,
1370 5677 1442 5718 cunr
1479 5654 1596 5742 quibus
1633 5677 1667 5720 se
1703 5678 1723 5719 a
1758 5679 1808 5720 me
1844 5656 2021 5742 glorificari
