4448 6226
384 331 449 394 408
886 341 966 394 anx
988 338 1291 396 vrsrcoruoauu
1315 323 1381 408 xn,
1402 340 1431 407 1,
1449 337 1478 393 2.
1505 338 1533 392 a.

215 532 575 607 transmeante}
610 541 667 592 aut
689 538 835 592 actorum
859 528 992 592 scierint
1014 537 1047 591 et
1069 528 1113 592 ad
1135 537 1277 592 nostram
1301 548 1366 590 non
1390 525 1558 589 retulerint
1581 525 1790 609 agnitionem,
1821 524 1973 588 noverint
2005 545 2040 586 se

385 633 514 698 concilii
538 632 660 698 iudicio
685 655 756 698 esse
780 633 980 720 plectendos,
1005 644 1038 699 et
1060 633 1263 716 detrimenta,
1290 656 1353 720 quc
1377 653 1539 719 pauperes
1563 653 1675 696 eorum
1692 630 1818 695 silentio
1834 629 2040 717 pertulerint,

385 763 426 804 ex
451 761 561 804 eorum
586 739 684 804 rebus
708 740 770 804 illis
795 763 866 804 esse
890 740 1100 805 restituenda.

1270 921 1449 930 ....--—-—
1878 919 2041 926 ——-—

218 1053 286 1125 XII,
298 1051 367 1124 1,3.
385 1051 475 1122 Nom}
924 1053 1093 1109 FLAVIUS
1118 1051 1337 1108 GLORIOSUS
1362 1049 1545 1107 ERVIGIUS
1569 1051 1659 1104 REX.

841 1168 948 1232 Lex1
978 1170 1018 1232 in
1049 1168 1378 1233 confirmatione
1410 1165 1587 1231 concilii
1617 1163 1741 1229 edita.
2061 1189 2074 1228 s

651 1293 784 1358 Eximia
807 1292 962 1358 sinodalis
985 1294 1161 1358 auctoritas
1191 1304 1224 1358 et
1253 1292 1443 1358 veneranda
1473 1301 1522 1356 est
1551 1291 1674 1377 pariter
1702 1301 1735 1355 et
1763 1289 1943 1371 tremenda,
1975 1312 2041 1375 que

545 1400 579 1462 in
614 1409 738 1466 tantum
773 1422 832 1485 ρει
867 1398 987 1464 donum
1022 1402 1126 1464 sancti
1162 1400 1301 1487 Spiritus
1336 1401 1453 1485 agitur,
1488 1408 1524 1462 ut
1558 1421 1600 1462 ex
1639 1397 1826 1463 diversitate
1864 1395 2042 1461 multorum

545 1507 727 1570 animorum
750 1517 783 1570 et
807 1505 951 1570 cordium
982 1529 1083 1570 unum
1111 1529 1168 1571 cor
1190 1529 1353 1594 unamque
1378 1507 1541 1570 animam2
1570 1505 1687 1568 fecisse
1718 1515 1929 1586 monstratum
1963 1503 2043 1567 dum

546 1613 760 1678 numerositas
797 1623 976 1698 aggregata
1009 1613 1198 1699 pontificum
1233 1636 1297 1677 non
1336 1635 1395 1698 per
1429 1612 1622 1676 sententiam
1656 1610 1837 1697 discrepat,
1876 1633 1943 1676 non
1981 1632 2044 1696 per

546 1719 654 1782 stilum
678 1719 809 1783 diversa
832 1717 983 1800 obiectat,
1006 1742 1068 1784 uec
1090 1743 1150 1805 per
1173 1719 1329 1784 iudicium
1355 1719 1442 1784 aliud
1466 1742 1549 1783 unus
1573 1741 1671 1805 quam
1693 1719 1889 1782 universitas
1909 1717 2042 1781 format„
2064 1743 2091 1782 ro
2201 1733 2203 1738 '

547 1824 626 1889 Ideo
651 1825 867 1890 reverendum
891 1825 970 1889 mihi
994 1837 1190 1890 conventum
1213 1825 1368 1890 sinodalis
1393 1825 1532 1906 concilii,
1563 1826 1598 1889 in
1621 1826 1713 1889 cuius
1736 1823 1844 1889 medio
1874 1825 2045 1910 presentia

547 1935 652 1996 sancti
682 1931 821 2018 Spiritus
853 1955 886 1996 se
918 1932 1066 1997 habitare
1097 1935 1254 2020 promisit,
1285 1933 1402 2000 devote
1433 1955 1594 1997 venerans
1625 1933 1845 2018 instanterque
1876 1931 2044 1996 honorans

547 2061 602 2120 ea,
643 2062 706 2126 que
744 2039 872 2104 illorum
914 2061 969 2104 ore
1008 2051 1181 2126 nostreque
1217 2039 1318 2126 glorie
1357 2039 1486 2105 hortatu
1525 2039 1651 2124 digesta
1689 2048 1779 2118 sunt,
1818 2039 1851 2102 in
1891 2039 2045 2102 notitiam

547 2144 738 2210 deducimus
762 2145 979 2231 singulorum,
1003 2146 1059 2211 illa
1082 2145 1220 2211 dicimus
1245 2145 1400 2210 sinodalis
1424 2145 1553 2211 concilii
1578 2155 1680 2230 gesta,
1712 2168 1776 2231 que
1808 2167 1892 2210 anno
1924 2155 2045 2230 quarto

547 2254 639 2338 regni
664 2254 766 2317 nostri
789 2254 822 2316 in
847 2252 1006 2317 Toletano
1030 2253 1109 2318 urbe
1133 2264 1311 2318 noscuntur
1340 2276 1411 2318 esse
1443 2253 1603 2334 confecta,
1635 2275 1771 2340 quorum
1801 2253 2045 2317 institutionum
2066 2276 2092 2315 rs

547 2359 722 2441 evidentia,
754 2370 789 2425 ut
817 2361 886 2424 sine
918 2361 1122 2425 cunctatione
1154 2359 1303 2426 omnibus
1334 2361 1548 2442 innotescant,
1578 2360 1632 2425 hic
1662 2382 1702 2424 ea
1732 2358 1919 2445 specialiter
1948 2381 2045 2444 pree-

547 2466 685 2552 legimus
709 2466 898 2532 renotanda.

653 2575 714 2638 Est
737 2575 837 2660 igitur
859 2575 983 2660 primus
1007 2579 1134 2638 ειιιιοιι3
1164 2574 1205 2638 de
1236 2573 1362 2639 reddito
1393 2575 1576 2640 testimonio
1607 2573 1773 2658 dignitatis
1804 2595 1927 2655 eorum,
1961 2595 2046 2658 quos

547 2680 731 2766 profanatio
765 2679 967 2744 infidelitatis
1003 2703 1076 2745 cum
1111 2680 1213 2746 Paulo
1249 2682 1349 2745 traxit
1383 2682 1416 2745 in
1452 2681 1639 2745 societatem
1674 2679 1857 2766 tyrannidis
1867 2684 1889 2744 ⁴.
1950 2680 2046 2760 Quos

548 2785 706 2851 celsitudo
731 2799 841 2851 nostra
865 2810 930 2852 una
954 2809 1027 2852 cum
1055 2787 1128 2851 filiis
1160 2810 1219 2874 per
1247 2787 1342 2852 huius
1373 2799 1480 2852 nostre
1511 2787 1592 2872 legis
1622 2786 1765 2852 edictum
1795 2797 1828 2850 et
1856 2787 2047 2851 testimonio
2066 2811 2094 2850 so

547 2890 725 2958 nobilitatis
755 2895 890 2980 pristine
927 2895 972 2958 uti
993 2904 1039 2958 *et
1076 2892 1187 2975 rebus,
1219 2917 1300 2982 quas
1329 2917 1388 2980 per
1419 2895 1620 2959 auctoritatis
1650 2903 1758 2958 nostre
1790 2895 1938 2979 vigorem
1970 2917 2047 2980 per-

550 3000 705 3084 ceperint,
731 2999 936 3064 decernimus
959 3003 1118 3066 revestiri.

623 3133 627 3148 ⁹
655 3104 736 3170 Item
761 3105 924 3171 secundus
949 3119 998 3172 est
1021 3131 1125 3172 canon
1150 3108 1190 3172 de
1214 3109 1375 3173 accusatis
1399 3107 1623 3172 sacerdotibus
1640 3129 1698 3172 seu
1713 3109 1810 3172 etiam
1829 3106 2047 3194 optimatibus

548 3211 660 3296 palatii
696 3223 793 3299 atque
824 3213 1008 3300 gardingiS,
1044 3213 1105 3278 sub
1143 3237 1209 3301 qua
1238 3238 1293 3280 eos
1332 3216 1452 3281 iustitie
1484 3214 1612 3280 cautela
1640 3215 1821 3278 examinari
1855 3216 2047 3280 conveniat.

550 3317 639 3398 Quos
666 3332 775 3384 nostre
807 3320 908 3406 glorie
936 3321 1150 3386 mansuetudo
1181 3323 1273 3386 iuxta
1302 3322 1405 3408 ipsius
1437 3323 1570 3386 canonis
1601 3322 1747 3386 instituta
1774 3320 1871 3385 nullis
1901 3332 2047 3385 tormen·
2068 3346 2095 3385 ss

549 3436 654 3490 torum
678 3427 853 3512 generibus
878 3437 952 3492 ante
977 3426 1142 3514 publicam
1167 3428 1403 3492 discussionem
1434 3426 1540 3492 subici
1571 3429 1712 3511 censuit;
1744 3427 1801 3492 sed
1831 3450 1955 3510 omnes,
1988 3430 2049 3514 qui

550 3531 705 3619 deinceps
729 3533 849 3598 farerim
873 3536 1028 3616 accusati,
1052 3536 1145 3598 iuxta
1169 3535 1370 3600 sanctionem
1394 3534 1533 3621 predicti
1549 3535 1683 3621 capituli
1701 3545 1796 3599 erunt
1811 3534 1925 3622 procul
1943 3533 2048 3600 dubio

548 3639 725 3704 iudicandi.
765 3640 861 3706 Unde
885 3641 920 3705 id
943 3641 1129 3727 specialiter
1144 3640 1384 3706 observandum
1404 3641 1472 3707 fore
1491 3664 1670 3724 censemus
1687 3651 1732 3726 ut,
1751 3641 1912 3729 quidquid
1929 3654 2050 3706 contra

549 3745 633 3810 hanc
657 3747 803 3832 regulam
827 3749 986 3812 sententie
1010 3758 1119 3813 nostre
1143 3747 1196 3812 vcl
1223 3749 1361 3834 predicti
1392 3749 1525 3818 canonis
1555 3749 1789 3812 institutionem
1819 3758 1876 3813 aut
1904 3751 1940 3812 in
1971 3771 2049 3835 per-

549 3875 662 3918 sonam
687 3855 880 3942 cuiusquam
904 3854 1002 3919 fuerit
1025 3865 1132 3920 actum
1157 3865 1213 3919 aut
1236 3853 1276 3918 de
1304 3854 1402 3919 rebus
1434 3865 1585 3919 accusate
1615 3877 1753 3941 persone
1786 3856 1930 3920 extiterit
1960 3856 2047 3919 iudi·
2069 3881 2097 3919 ao

550 3969 668 4043 catum,
695 3963 787 4025 iuxta
818 3961 957 4048 predicti
988 3963 1121 4027 canonis
1152 3963 1299 4025 instituta
1326 3960 1413 4026 nullo
1444 3961 1556 4047 vigore
1588 3958 1753 4044 subsistat,
1784 3961 1872 4048 quod
1900 3985 2049 4048 persona

549 4067 632 4154 ipsa,
656 4067 750 4132 aliter
774 4091 870 4154 quam
896 4069 1101 4133 decerninms
1124 4068 1277 4152 iudicata,
1309 4079 1365 4133 aut
1394 4069 1570 4132 testimonii
1601 4069 1650 4132 sui
1681 4067 1874 4154 dignitatem
1904 4070 2048 4152 amittat,

550 4183 606 4238 aut
630 4186 745 4260 questu
769 4177 816 4240 rei
840 4177 971 4262 proprie
996 4187 1116 4240 careat.

495 4392 561 4452 XII,
584 4395 607 4450 1,
627 4395 651 4443 2.
688 4395 705 4444 l.
722 4397 744 4444 1.
765 4389 898 4456 actorum]
920 4401 1063 4445 astutorum
1082 4394 1144 4445 aa.
1164 4395 1188 4443 V
1199 4397 1221 4445 1.
1242 4396 1266 4444 6,
1305 4388 1423 4456 scierint]
1442 4395 1562 4445 scierunt
1580 4393 1649 4455 Em
1669 4396 1772 4444 iecierit
1793 4393 1819 4444 E
1828 4396 1853 4444 2.
1876 4391 1886 4453 ΗΗ
1909 4395 1925 4443 I.
1941 4397 1966 4445 2.
1987 4413 2050 4461 per·

390 4481 512 4532 tulerunt
530 4480 593 4532 Ee.
1269 4505 1270 4510 ¹
2070 4499 2098 4539 ³5

497 4570 561 4630 XII,
583 4574 605 4630 l,
627 4573 650 4621 3.
691 4571 767 4622 Codd.
788 4571 815 4622 E
828 4575 850 4622 1.
871 4572 927 4622 Vl.
949 4574 973 4622 4·
993 4574 1017 4622 5.
1040 4571 1076 4632 (8.
1098 4569 1152 4634 15).
1172 4571 1241 4625 Pida.
1261 4571 1332 4621 Mad.
1352 4597 1386 4605 -
1406 4574 1422 4622 1.
1436 4575 1460 4621 4.
1480 4573 1534 4622 FL.
1549 4595 1580 4604 -
1595 4567 1678 4636 REX]
1692 4573 1731 4621 IN
1745 4573 1890 4622 NOMINE
1903 4573 2049 4625 DOMINI

390 4657 450 4708 add.
470 4659 527 4708 Vb.
548 4658 616 4709 Pitk.
673 4660 778 4711 GLOR.
797 4661 864 4712 deest
882 4661 909 4710 Ε
921 4664 944 4711 1.
964 4661 1021 4712 Vb.
1041 4661 1109 4711 Pitb.
1165 4657 1352 4724 ERVIGIUS]
1370 4662 1408 4710 ire
1427 4661 1483 4711 Vl.
1504 4664 1534 4724 ὃς
1553 4661 1649 4712 REUS
1668 4661 1696 4711 Ε
1708 4663 1737 4722 1;
1756 4660 1849 4713 RCNS
1869 4661 1957 4722 Pida.-
1980 4663 2052 4714 dem

397 4745 454 4795 Vc.
486 4745 495 4806 ΗΗ
528 4747 544 4797 l.
565 4749 589 4796 5.
618 4748 692 4799 edita
714 4749 780 4801 deest
802 4750 874 4800 Mod.
906 4749 915 4811 ΗΗ
947 4752 963 4802 1.
985 4753 1009 4800 e.
1038 4745 1101 4815 que]
1129 4757 1212 4815 atque
1239 4750 1311 4800 Mad.
1343 4747 1352 4809 ΗΗ
1383 4751 1401 4800 l.
1421 4751 1445 4800 8.
1474 4744 1531 4814 cor]
1558 4766 1657 4816 corpus
1683 4751 1754 4800 Mad.
1787 4752 1795 4810 ΗΗ
1827 4751 1843 4800 1.
1865 4753 1905 4801 10.
1935 4749 2050 4816 format]

391 4834 507 4886 affirmat
526 4835 594 4886 Pitls.
614 4836 685 4886 Mad.
718 4836 727 4898 ΗΗ
759 4840 775 4892 I.
797 4843 837 4890 11.
867 4840 1037 4890 referendum
1063 4839 1090 4889 Ε
1109 4842 1131 4889 1.
1158 4839 1243 4900 Relaf
1268 4839 1447 4890 reffereudum
1473 4839 1535 4890 Va.
1568 4838 1576 4899 Η
1608 4839 1625 4888 1.
1647 4841 1687 4890 13.
1716 4834 1834 4903 hortatu]
1860 4841 1897 4890 ito
1924 4841 1948 4890 V
1963 4845 1989 4892 4.
2019 4845 2051 4904 ὃς

391 4928 483 4974 ortatu
502 4923 588 4985 Pia.;
608 4933 686 4976 oratu
707 4926 775 4988 Em
796 4937 894 4979 ornatu
913 4929 937 4977 V
948 4932 970 4978 l.
1000 4931 1008 4988 Η
1039 4929 1055 4978 I.
1076 4931 1116 4978 16.
1139 4924 1275 4990 omnibus]
1297 4929 1453 4980 horninibus
1472 4928 1534 4978 El.
1554 4928 1622 4978 Pet.
1660 4923 1715 4992 hic]
1735 4930 1796 4980 hinc
1816 4928 1878 4979 El.
1899 4930 1957 4981 Vl.
1979 4932 2051 4982 Ru.
2071 4945 2100 4983 to

390 5009 582 5078 preelegimus]
605 5031 670 5079 prae
695 5015 801 5081 legibus
821 5017 890 5079 Em
918 5017 1082 5083 prelegimus
1107 5026 1161 5068 cett.
1194 5016 1202 5077 ΗΗ
1234 5019 1251 5068 l.
1271 5020 1313 5068 23.
1342 5012 1486 5081 accusatis]
1513 5019 1631 5068 causatis
1657 5018 1681 5066 V
1697 5021 1721 5068 1.
1775 5019 1951 5070 obtimatibus
1978 5021 2009 5070 E
2029 5025 2052 5073 1.

397 5101 455 5152 Vl.
486 5099 495 5162 ΗΗ
528 5104 544 5152 I.
565 5104 606 5152 25.
635 5099 771 5168 instituta]
792 5108 942 5156 constituta
961 5105 1022 5157 El.
1043 5106 1111 5156 Pitd.
1143 5107 1152 5167 ΗΗ
1184 5109 1200 5158 1.
1221 5109 1262 5158 26.
1290 5108 1338 5157 sed
1358 5101 1460 5170 omnes]
1479 5112 1509 5158 ut
1528 5113 1555 5158 ct
1574 5107 1697 5158 homines
1718 5107 1788 5158 Mod.
1820 5106 1829 5167 ΗΗ
1861 5109 1877 5159 l.
1898 5111 1942 5159 28.
1971 5113 2052 5177 quic-

392 5191 457 5254 quid
477 5190 539 5241 111.
559 5191 615 5242 Vl.
649 5190 657 5252 ΗΗ
689 5193 706 5243 l.
728 5196 770 5244 31.
799 5191 933 5258 Instituta]
954 5197 1154 5246 institutionem
1174 5195 1197 5244 V
1207 5198 1230 5246 l.
1249 5195 1321 5246 Mau.

501 5379 530 5450 1)
557 5381 639 5439 Haec
661 5385 716 5454 len,
742 5383 824 5441 etiam
846 5383 921 5442 inter
935 5393 1001 5442 acta
1024 5385 1135 5443 concilii
1154 5386 1282 5444 Toletani
1296 5385 1382 5442 XIII.
1407 5407 1435 5443 α.
1455 5387 1528 5443 683.
1553 5387 1671 5458 tradita,
1696 5387 1770 5444 edita
1794 5395 1834 5445 art
1855 5388 1962 5447 duobis
1978 5391 2054 5462 sere

391 5487 476 5544 anais
493 5496 562 5562 post
584 5488 771 5548 introductum
795 5480 893 5548 librani
918 5493 1007 5568 leptim
1026 5493 1218 5561 emendatum,-
1240 5514 1267 5550 o.
1286 5513 1319 5568 p.
1334 5493 1408 5564 410,
1428 5514 1456 5550 n.
1473 5495 1500 5550 1.
1539 5494 1640 5570 Leycm
1657 5504 1747 5552 autem
1759 5503 1861 5570 postea
1881 5495 1959 5554 iussu
1976 5500 2055 5575 repis
2071 5517 2099 5557 es

390 5591 526 5651 insertam
549 5613 607 5652 csse
630 5596 806 5656 crediderim.
878 5598 908 5668 2)
935 5597 983 5671 Os.
1007 5599 1080 5656 Acta
1103 5608 1193 5674 apost.
1218 5599 1247 5670 4,
1273 5599 1325 5656 32.
1357 5625 1358 5628 “
1399 5600 1429 5670 3)
1456 5598 1524 5658 Ciam
1547 5601 1664 5677 siliquiis
1687 5601 1822 5677 capitilio
1847 5602 1903 5678 t'psi
1926 5623 2054 5663 canones

392 5700 502 5757 conatii
526 5701 654 5762 Toletani
668 5705 754 5762 XIII.
777 5705 947 5776 conserendi
960 5714 1034 5763 sunt.
1105 5705 1136 5774 4)
1156 5706 1203 5762 De
1224 5707 1358 5765 seditione
1377 5707 1463 5764 Pauli
1485 5709 1525 5779 cs.
1542 5707 1642 5779 Deba,
1663 5708 1795 5786 ‘Kiinipe’
1814 5709 1895 5784 V,p.
1909 5709 1972 5767 207
1987 5733 2052 5790 sqq.
