4448 6226
433 345 498 409 428
987 354 1064 409 LEX
1089 353 1394 411 VISIGOTIIORUM
1417 354 1484 423 XII,
1503 353 1533 410 3.

432 549 521 622 Era}
563 539 607 606 H.
646 540 700 605 De
723 539 1041 626 blasphematoribus
1065 551 1176 606 sancte
1201 541 1380 606 Trinitatis.

547 664 607 730 111.
647 664 697 730 Ne
721 664 815 730 Iudei
839 676 896 730 aut
919 687 953 730 se
977 677 1033 731 aut
1057 689 1132 732 suos
1155 665 1238 730 filios
1262 675 1318 732 aut
1347 665 1485 732 famulos
1515 689 1535 730 a
1564 665 1718 753 baptismi
1748 667 1855 753 gratia
1886 664 2092 730 subtrahant

529 789 607 855 IIII.
647 789 696 855 Ne
728 789 822 855 Iudei
855 812 946 855 more
974 813 1032 855 suo
1063 789 1230 855 celebrent
1259 790 1367 856 Pasca
1396 789 1449 855 vel
1479 792 1586 856 carnis
1617 792 1883 856 circumcisiones
1915 801 2094 855 exerceant

646 919 686 963 ac
709 919 750 962 ne
775 896 989 962 christianum
1013 919 1251 984 quemcumque
1275 919 1295 961 a
1317 895 1382 962 fide
1407 895 1527 962 Christi
1552 898 1748 963 dimoveant.

566 1021 607 1087 V.
647 1022 696 1088 Ne
720 1021 815 1088 Iudei
839 1020 977 1086 sabbata
1000 1033 1190 1109 ceterasque
1214 1020 1407 1087 festivitates
1431 1024 1511 1088 ritus
1535 1023 1586 1087 sui
1609 1021 1775 1088 celebrare
1800 1033 2003 1110 presumant.
2109 1048 2121 1087 s

549 1145 607 1211 VI.
647 1145 693 1212 Ut
716 1148 820 1213 omnis
844 1146 965 1212 Iudeus
990 1146 1106 1212 diebus
1130 1144 1301 1212 dominicis
1326 1157 1358 1212 et
1381 1148 1415 1211 in
1445 1148 1624 1234 prenotatis
1654 1147 1887 1213 festivitatibus
1919 1146 1961 1212 ab
1994 1169 2092 1234 opere

647 1265 762 1321 cesset.

531 1379 607 1444 VII.
646 1379 696 1444 Ne
720 1378 814 1444 Iudei
837 1401 926 1444 more
951 1401 1009 1444 suo
1034 1377 1214 1444 diiudicent
1237 1400 1340 1443 escas.

516 1503 607 1570 VIII.
648 1504 697 1569 Ne
721 1503 816 1568 Iudei
839 1527 882 1568 ex
905 1504 1147 1591 propinquitate
1172 1504 1222 1568 sui
1246 1503 1413 1589 sanguinis
1438 1501 1578 1568 conubia
1601 1503 1731 1586 ducant,
1763 1515 1795 1568 et
1824 1513 1861 1570 ut
1891 1505 1962 1568 sine
1995 1503 2092 1569 bene·

647 1610 789 1677 dictione
813 1610 991 1676 sacerdotis
1015 1609 1138 1675 nubere
1161 1633 1226 1675 non
1250 1609 1402 1675 audeant.
2109 1643 2132 1680 n

496 1735 606 1800 VHH.
646 1737 695 1801 Ne
718 1735 812 1801 Iudei
843 1735 992 1822 religioni
1022 1747 1131 1800 nostre
1161 1734 1353 1800 insultantes
1383 1745 1506 1800 sectam
1536 1757 1628 1800 suem
1660 1734 1835 1800 defendere
1867 1735 2022 1818 audeant,
2053 1757 2091 1800 ac

647 1865 688 1908 ne
712 1865 732 1907 a
754 1841 819 1908 fide
843 1853 954 1908 nostra
976 1841 1174 1928 refugientes
1198 1840 1277 1906 alibi
1301 1864 1335 1906 se
1359 1841 1581 1925 transducant,
1606 1853 1639 1908 et
1662 1865 1703 1907 ne
1720 1841 1874 1930 quislibet
1889 1843 2091 1929 refugientes

647 1971 703 2015 eos
728 1951 893 2036 suscipiat.

565 2073 607 2140 X.
647 2073 697 2139 Ne
722 2074 917 2140 christianus
940 2097 960 2138 a
982 2073 1084 2138 Iudeo
1109 2072 1336 2160 quodcumque
1359 2075 1503 2140 muneris
1527 2085 1640 2139 contra
1664 2072 1784 2140 Christi
1807 2073 1905 2140 fidem
1937 2075 2090 2163 accipiat.

548 2199 609 2264 XI.
648 2198 698 2264 Ne
722 2199 815 2264 Iudei
840 2197 939 2264 libros
963 2197 1035 2263 illos
1059 2198 1168 2285 legere
1193 2197 1345 2281 audeant,
1371 2221 1451 2286 quos
1476 2197 1653 2264 christiana
1675 2198 1757 2263 fides
1781 2198 1943 2286 repudiat.
2107 2229 2130 2269 n

530 2323 608 2393 XII.
648 2323 698 2390 Ne
722 2323 833 2389 Iudeis
856 2324 1022 2410 mancipia
1047 2322 1234 2388 deserviant
1256 2321 1310 2387 vel
1333 2320 1512 2388 adhereant
1535 2323 1720 2389 christiana.

511 2448 606 2514 XIII.
647 2448 683 2514 Si
711 2471 746 2514 se
770 2448 890 2514 Iudeus
922 2446 1132 2514 christianum
1161 2469 1232 2512 esse
1262 2457 1398 2512 testetur
1427 2458 1460 2512 et
1489 2445 1531 2512 ob
1561 2447 1622 2512 hoc
1650 2471 1716 2514 non
1745 2448 1824 2514 velit
1847 2473 1875 2523 a,
1897 2472 1933 2514 se
1964 2451 2089 2515 reicere

646 2557 847 2644 mancipium
870 2555 1091 2621 christianum.

496 2679 609 2746 XIIII.
648 2680 812 2746 Professio
843 2680 1034 2762 Iudeorum,
1071 2677 1232 2767 quomodo
1263 2680 1487 2767 uuusquisque
1523 2701 1634 2744 eorum
1665 2679 1706 2744 ad
1741 2679 1839 2745 tidem
1874 2682 2013 2746 veniens
2042 2683 2087 2746 in-

647 2787 791 2852 diculum
815 2787 1026 2874 professionis
1050 2809 1107 2851 sue
1132 2783 1276 2850 scribere
1300 2783 1429 2850 debeat.
2104 2818 2127 2857 ω

532 2911 608 2976 XV.
649 2909 860 2977 Conditiones
884 2921 1172 2994 sacramentorum,
1200 2909 1243 2974 ad
1267 2932 1348 2998 quas
1371 2911 1479 2976 iurare
1504 2909 1646 2976 debeant
1676 2911 1731 2994 hii,
1763 2913 1818 3001 qui
1843 2935 1885 2977 ex
1908 2912 2023 2978 Iudeis
2046 2913 2087 2978 ad

647 3018 745 3084 fidem
767 3020 936 3084 venientes
959 3017 1178 3106 professiones
1202 3039 1277 3083 suas
1302 3017 1461 3082 dederint.

516 3142 607 3208 XVI.
647 3143 699 3208 De
725 3142 910 3208 christianis
934 3143 1107 3230 mancipiis
1131 3141 1317 3226 Iudeorum,
1342 3164 1405 3230 que
1429 3165 1464 3207 se
1488 3166 1552 3208 non
1576 3142 1779 3230 prodiderint
1802 3143 1990 3228 christiana,
2019 3146 2085 3210 sive

649 3250 689 3315 de
713 3249 970 3337 publicatoribus
994 3273 1116 3316 eorum.

498 3373 608 3440 XVII.
648 3375 697 3440 Ne
744 3375 837 3440 Iudei
884 3398 904 3440 a
950 3373 1095 3464 quolibet
1140 3385 1300 3462 potestate
1346 3386 1482 3462 accepta
1532 3385 1625 3441 extra
1672 3377 1797 3463 regiam
1848 3376 2085 3443 ordinationem
2101 3404 2123 3444 a

648 3482 859 3550 christianum
884 3504 1045 3569 quemque
1069 3483 1242 3570 imperare,
1266 3481 1409 3569 plectere
1433 3481 1486 3546 vel
1510 3482 1704 3570 distringere
1728 3483 1880 3548 audeant.

540 3773 557 3824 l.
570 3775 599 3836 2.
619 3767 645 3838 a]
665 3775 698 3824 ds
718 3771 746 3824 Ε
758 3777 780 3823 1.
807 3771 816 3832 ΙΙ
842 3775 859 3824 t.
873 3776 896 3824 3.
922 3767 1020 3836 Passa]
1041 3772 1078 3823 ita
1096 3789 1172 3838 sepse
1189 3790 1219 3822 ac
1236 3773 1428 3838 suprascripsi,
1447 3789 1598 3839 quamqsnm
1617 3771 1644 3823 E
1656 3776 1678 3824 1.
1696 3773 1741 3823 Vl
1762 3782 1786 3824 et
1798 3775 1913 3840 plerique
1931 3777 1979 3827 alii
1996 3777 2086 3828 codices

432 3861 540 3914 Pascha
553 3863 682 3929 probem.
720 3861 843 3914 Similiter
861 3861 942 3927 infra.
1006 3863 1243 3913 circumcisionem
1270 3863 1296 3912 V.
1329 3861 1337 3922 Η
1369 3864 1386 3913 l.
1406 3865 1431 3912 4.
1460 3857 1626 3926 dimoveant]
1651 3863 1808 3914 dimoneant
1830 3863 1897 3927 V5;
1924 3866 2085 3918 demoveaut

439 3951 508 4014 V8;
535 3959 726 4002 commoveant
752 3951 822 4002 Mau.
855 3950 863 4011 li
895 3952 913 4002 l.
933 3953 957 4002 b.
986 3952 1052 4001 ritus
1079 3945 1133 4014 sui]
1161 3951 1198 4002 ius
1223 3951 1291 4000 El.
1318 3951 1386 4014 Vs;
1413 3969 1462 4003 suo
1489 3953 1545 4002 ritu
1570 3951 1641 4002 illud.
1674 3951 1683 4013 Η
1714 3952 1731 4003 l.
1752 3954 1776 4004 b.
1804 3953 1901 4004 diebus
1926 3954 1994 4005 deest
2019 3955 2047 4005 Ε
2064 3959 2085 4006 1.

432 4042 487 4093 Η.
514 4047 623 4092 cessent
643 4041 699 4091 1⁷8.
729 4038 738 4100 ll
767 4041 784 4091 1.
802 4042 827 4090 9.
851 4041 893 4090 sui
911 4039 977 4090 deest
996 4039 1066 4090 blod.
1117 4045 1147 4090 ut
1165 4039 1231 4090 deest
1250 4041 1307 4090 Vs.
1326 4041 1398 4091 Mad.
1428 4040 1437 4102 Η
1466 4041 1483 4091 l.
1502 4042 1542 4091 11.
1567 4042 1686 4091 audeant
1705 4067 1739 4074 -
1758 4037 1936 4108 refugientes]
1957 4051 2084 4094 conantes
2101 4055 2124 4093 to

432 4130 504 4181 Mad.
527 4131 535 4190 ll
558 4130 575 4180 l.
591 4132 631 4180 12.
652 4147 669 4180 a
686 4129 752 4180 (beat
771 4127 833 4180 El.
871 4135 965 4180 nostra
978 4123 1155 4194 refugientes]
1177 4145 1224 4179 rsa
1242 4130 1379 4194 fugientes
1399 4129 1426 4178 Ε
1439 4132 1461 4180 l.
1499 4137 1527 4180 et
1539 4125 1583 4193 ne]
1606 4138 1634 4180 et
1651 4130 1717 4180 deest
1736 4129 1798 4181 El.
1818 4131 1889 4181 aaa.
1913 4131 1922 4190 ll
1945 4133 1963 4182 Ι.
1979 4135 2021 4184 13.
2041 4150 2085 4184 eos

431 4219 498 4270 deest
512 4219 581 4270 Mad.
605 4217 614 4280 ll
637 4220 653 4270 l.
669 4221 709 4269 14.
729 4212 859 4282 muneris]
881 4234 977 4268 munus
996 4217 1067 4268 Mad.
1106 4223 1200 4270 contra
1220 4217 1320 4268 Christi
1339 4213 1428 4282 fidem]
1448 4201 1501 4269 sibi
1520 4220 1686 4284 patrocinari
1706 4219 1763 4269 Vs.
1787 4218 1795 4280 ll
1818 4219 2085 4274 transscribere

439 4309 501 4358 Vb.
522 4310 547 4359 8.
583 4307 592 4368 Η
628 4309 645 4359 l.
666 4310 707 4358 21.
739 4301 979 4370 sacramentorum]
995 4306 1032 4357 ita
1051 4307 1114 4369 1⁷8;
1134 4307 1282 4357 Iudeorurn
1301 4315 1355 4358 cett.
1392 4302 1496 4371 Iudeis]
1516 4309 1553 4358 ito
1573 4309 1636 4369 Vs;
1657 4311 1696 4359 cis
1714 4317 1769 4360 cett.
1801 4306 1809 4368 Η
1841 4310 1920 4361 lbb.
1949 4311 2027 4361 XVI.
2047 4313 2086 4361 De

432 4398 524 4448 christ.
542 4422 578 4432 -
598 4413 690 4448 eorum
708 4396 759 4448 des.
778 4397 834 4447 Vs.
867 4395 876 4456 ΙΙ
908 4397 925 4446 l.
945 4397 987 4447 26.
1015 4391 1158 4462 quemque]
1177 4396 1214 4447 ita
1233 4395 1294 4446 El.
1314 4397 1378 4460 1⁷83
1397 4412 1557 4462 quemquam
1576 4397 1648 4448 osae.

433 4659 533 4706 tonsum
557 4668 635 4706 atain
657 4648 806 4723 proposuit
828 4648 944 4705 corratio
966 4647 1037 4705 XII.
1061 4649 1204 4718 Ibletano,
1229 4648 1258 4705 in
1281 4669 1335 4724 quo
1358 4648 1489 4725 legimus:
1512 4649 1680 4706 Iudaeorum
1704 4659 1825 4723 postem,
1850 4671 1924 4723 quae
1941 4654 1971 4707 in
1987 4673 2087 4710 novam
2103 4669 2125 4709 st

432 4775 546 4828 semper
568 4757 743 4811 recrudescit
766 4757 911 4824 insaniam,
938 4757 1075 4812 radicitus
1099 4758 1250 4828 extirpate.
1297 4756 1393 4828 Leges
1424 4775 1547 4828 quoque,
1579 4775 1651 4828 quae
1681 4759 1711 4812 iu
1741 4759 1894 4815 eorundem
1917 4759 2086 4817 Iudaeorum

432 4863 580 4936 perfidiam
605 4871 740 4918 anostra
762 4864 852 4935 gloria
873 4865 985 4919 noviter
1011 4864 1206 4935 promulgatae
1237 4871 1314 4932 sunt,
1344 4865 1419 4918 omni
1451 4865 1662 4920 examinationis
1692 4866 1835 4936 probitate
1865 4869 2026 4938 percurrite
2058 4877 2087 4924 et

432 4978 490 5025 tam
522 4971 628 5026 eisdem
658 4971 769 5042 legibus
800 4977 928 5026 tenorem
956 4970 1150 5026 inconvulsum
1185 4971 1306 5040 adicite,
1342 4988 1425 5042 quam
1454 4989 1506 5043 pro
1537 4973 1690 5028 eorundem
1719 4971 1891 5044 perfidorum
1922 4978 2087 5032 excessibus

433 5076 593 5148 complexas
617 5078 646 5131 in
669 5096 754 5131 unum
779 5078 937 5133 sententias
960 5077 1149 5150 promulgate.
1199 5075 1351 5134 Concilium
1375 5086 1466 5134 autem
1484 5078 1650 5154 propositas
1672 5077 1725 5136 sibi
1746 5081 1819 5156 lepos
1842 5080 2036 5155 cornprobaoit
2063 5092 2087 5140 et

431 5183 531 5240 seriens
555 5183 733 5239 rubricarum
764 5203 861 5240 earnm
891 5182 1096 5258 subsequentem
1127 5183 1156 5240 in
1186 5204 1250 5241 can.
1276 5184 1305 5241 9.
1337 5183 1449 5260 recepit.
1505 5183 1588 5249 Quae
1618 5186 1690 5262 depes
1719 5205 1809 5244 πουαε
1839 5186 1919 5244 tertio
1951 5188 1996 5246 die
2020 5199 2087 5266 post
2101 5205 2124 5243 so

433 5289 577 5346 concilians
602 5297 828 5360 consummatura,
859 5309 898 5346 sc.
924 5291 951 5346 d.
978 5288 1029 5346 27.
1053 5310 1089 5347 ns.
1115 5290 1278 5362 Februarii,
1304 5291 1419 5349 Iudaeis
1449 5291 1567 5350 ciuitatis
1596 5293 1757 5363 Toletanae,
1788 5301 1819 5350 ut
1840 5294 1935 5365 refert
1959 5297 2085 5354 domnelo

432 5396 508 5453 titulo
538 5395 672 5466 subiecta,
699 5395 905 5471 pronuntiatae
933 5405 1010 5468 sunt,
1042 5397 1164 5474 viperea
1195 5399 1354 5468 habiturae,
1386 5407 1416 5455 ut
1444 5399 1524 5477 effici
1554 5399 1662 5456 uidetur
1692 5419 1727 5456 en
1757 5421 1780 5457 c.
1808 5399 1862 5471 12,
1895 5401 1963 5459 inde
1992 5423 2011 5460 a
2042 5404 2085 5460 die

431 5502 488 5559 bal.
517 5502 600 5560 Febr.
648 5502 752 5560 Postea
782 5511 912 5579 receptae
941 5512 1007 5560 ssent
1035 5503 1064 5560 in
1094 5506 1182 5580 layum
1213 5505 1306 5562 codice
1335 5506 1434 5576 reviso,
1466 5525 1545 5582 quern
1570 5505 1706 5583 Eroipius
1735 5507 1784 5564 sub
1805 5507 1870 5584 fine
1899 5509 1973 5566 anni
1995 5510 2086 5585 prinei

431 5609 514 5686 repni
542 5609 586 5666 sui
616 5609 709 5665 sclicla.
764 5611 870 5666 Aristar
901 5609 981 5666 buius
1005 5609 1083 5680 tituli,
1115 5611 1194 5668 baud
1222 5611 1301 5669 darbia
1331 5613 1455 5682 clericus,
1481 5622 1602 5688 praeter
1625 5615 1697 5690 lepus
1720 5613 1893 5690 antiquiores
1923 5617 2084 5674 mundanas

431 5717 465 5773 de
487 5715 602 5772 bidacis
627 5715 716 5772 editas
740 5716 821 5787 etiam
845 5736 968 5774 canones
992 5716 1121 5773 59—64
1147 5717 1257 5774 conscilii
1280 5718 1407 5776 Toletani
1429 5718 1483 5777 IV.
1508 5728 1575 5776 urite
1597 5722 1689 5778 oculos
1713 5720 1815 5778 babuit.
2098 5737 2122 5777 ir
