4448 6226
416 326 480 388 440
936 335 1015 390 LEX
1039 334 1342 392 VISIGOTHORUM
1365 335 1432 402 XII,
1451 334 1481 402 3,
1502 335 1551 391 15.

228 527 397 600 1111,8,15.
416 526 504 597 Era]
534 518 587 582 vel
611 518 772 604 collegere
795 520 896 605 potui,
921 541 1019 606 quam
1043 518 1103 584 tibi
1127 521 1257 585 domine
1280 543 1352 586 meo
1376 520 1433 603 illi,
1458 521 1542 586 illius
1567 520 1654 586 sedis
1678 522 1844 608 episeopo,
1875 543 1976 584 manu
1999 542 2073 584 mea

416 623 633 711 subscriptam
657 625 744 706 dedi,
769 626 939 690 sinceriter
962 635 1063 690 tetam
1086 625 1167 691 inibi
1191 624 1271 708 dixi,
1303 637 1335 692 et
1359 627 1419 692 sub
1450 627 1537 692 nullo
1568 637 1759 713 argumento
1789 626 1843 691 vel
1873 625 1990 690 fraude
2022 648 2071 706 ea,

416 752 479 816 que
503 731 537 794 in
560 733 632 816 ipsa
655 730 857 818 professione
882 732 1107 818 conprehensa
1129 742 1213 813 sunt,
1238 733 1373 819 protuli;
1405 732 1463 798 sed
1493 736 1581 798 omni
1611 735 1808 814 sinceritate,
1840 734 1925 797 sieut
1955 732 2071 797 eadem

415 837 574 923 professio
605 839 766 920 eontinet,
798 848 831 901 et
860 860 973 902 omnes
1003 839 1084 902 ritus
1114 838 1167 902 vel
1198 838 1442 904 observationes
1473 838 1630 925 abinceps
1661 839 1812 904 Iudaicas
1843 838 2009 926 abnegavi
2040 851 2071 904 et

415 944 503 1006 omni
534 943 641 1008 cordis
672 945 736 1007 mei
766 944 943 1008 intentione
975 945 1009 1008 iu
1039 955 1184 1008 sanctam
1216 945 1407 1010 Trinitatem
1439 945 1621 1010 creditruus
1652 969 1724 1010 sum
1754 956 1787 1011 et
1820 968 2000 1032 numquam
2037 947 2101 1010 ins

414 1047 503 1113 nullo
526 1048 568 1114 ad
590 1051 721 1136 pristini
745 1050 863 1114 erroris
890 1051 955 1114 mei
985 1052 1142 1115 vomitum
1173 1051 1335 1115 rediturus
1365 1075 1436 1116 sum
1467 1062 1523 1116 aut
1553 1053 1714 1116 consortio
1745 1053 1911 1139 inpietatis
1936 1052 2070 1118 Iudaiee

415 1156 611 1238 sociaturum
644 1156 702 1221 sed
732 1157 766 1221 iu
796 1155 847 1220 bis
877 1154 1027 1220 omuibus
1058 1167 1091 1221 et
1122 1179 1182 1242 per
1211 1158 1321 1221 omnia
1357 1157 1532 1222 christiano
1570 1157 1726 1244 deinceps
1761 1180 1850 1222 more
1886 1160 2004 1223 vivens
2039 1169 2071 1223 et

416 1263 663 1327 christianorum
688 1263 896 1348 participium
919 1261 1089 1327 habiturus
1114 1285 1195 1344 sum,
1220 1273 1253 1327 et
1276 1263 1433 1350 quiequid
1455 1265 1490 1328 in
1514 1263 1628 1328 eadem
1652 1263 1866 1350 professione,
1899 1287 1997 1350 quam
2029 1264 2069 1329 de

415 1379 527 1433 sancte
551 1368 628 1432 fidei
652 1368 880 1433 observatione
906 1370 1094 1456 conscripsi,
1120 1369 1379 1456 conprehensum
1403 1393 1474 1434 esse
1498 1370 1687 1452 dinoscitur,
1716 1371 1805 1434 omni
1827 1370 1905 1436 fidei
1928 1371 2069 1456 puritate

415 1475 606 1557 custodiam,
631 1475 770 1561 qualiter
792 1476 885 1539 iuxta
907 1476 1118 1563 apostolicam
1148 1475 1355 1541 traditionem
1378 1475 1430 1540 vel
1461 1478 1547 1541 sacri
1577 1475 1706 1541 simboli
1736 1476 1884 1562 regulam
1914 1476 2069 1562 deinceps
2088 1499 2111 1536 lo

415 1583 527 1646 vivere
552 1580 701 1646 debeam.
749 1581 846 1663 Quod
874 1583 901 1646 si
931 1583 965 1647 iu
996 1604 1200 1668 quocumque
1231 1581 1430 1663 aborbitaus,
1461 1593 1517 1647 aut
1545 1593 1691 1647 sanctam
1721 1582 1820 1647 fidem
1850 1582 2068 1664 maculavere,

415 1699 472 1753 aut
494 1690 574 1754 ritus
597 1688 732 1753 Iudaiec
756 1699 844 1753 seete
868 1690 901 1752 iu
926 1710 1130 1774 quocumque
1155 1687 1330 1752 observare
1354 1689 1533 1770 intendero,
1565 1711 1623 1752 seu
1653 1689 1680 1751 si
1711 1710 1770 1752 vos
1799 1690 1832 1752 in
1863 1711 2069 1775 quocumque

415 1818 475 1882 per
498 1795 592 1859 huius
616 1796 789 1859 iuramenti
820 1795 884 1858 mei
915 1795 1163 1881 promissionem
1194 1793 1345 1876 inlusere,
1376 1793 1428 1858 vel
1459 1793 1519 1858 sub
1551 1795 1661 1880 speeie
1693 1792 1866 1858 cuiuslibet
1895 1796 2067 1860 iuramenti

417 1925 466 1984 ea,
492 1924 555 1989 que
579 1901 723 1987 promisi,
747 1923 813 1965 non
836 1923 876 1965 ea
899 1902 1076 1965 intentione
1100 1901 1280 1987 perfecero,
1312 1901 1396 1965 sicut
1426 1899 1562 1965 avobis
1592 1922 1643 1964 me
1673 1900 1845 1987 profitente
1876 1901 1989 1966 audita
2017 1901 2068 1966 vel

415 2007 581 2073 intellecta
611 2017 701 2072 suut:
736 2009 871 2072 veniant
901 2030 999 2094 super
1028 2030 1080 2072 me
1112 2029 1223 2071 omnes
1254 2006 1497 2071 maledictiones
1527 2005 1626 2093 legis,
1662 2028 1725 2092 que
1760 2007 1795 2070 in
1830 2017 2068 2095 contemptores
2087 2029 2109 2068 u

415 2115 640 2179 mandatorum
669 2114 736 2178 Dei
770 2137 825 2178 ore
857 2113 990 2178 Domini
1024 2113 1227 2199 promulgate
1259 2124 1349 2196 sunt3
1385 2115 1517 2177 veniant
1547 2113 1645 2178 etiam
1678 2135 1777 2200 super
1812 2136 1865 2178 me
1903 2123 1937 2178 et
1973 2137 2069 2200 super

415 2220 546 2285 domum
571 2242 677 2285 meam
701 2230 734 2285 et
755 2219 838 2284 filios
862 2242 951 2284 meos
975 2242 1087 2284 omnes
1110 2219 1207 2306 plage
1231 2219 1355 2306 Egypti
1379 2229 1412 2284 et
1435 2221 1662 2306 percussiones
1686 2221 1765 2302 eius,
1791 2230 1823 2284 et
1846 2219 1888 2284 ad
1912 2231 2068 2285 terrorem

416 2337 597 2392 ceterorum
627 2328 674 2390 ita
704 2324 860 2390 iudicium
889 2325 1024 2390 Dathan
1054 2335 1087 2389 et
1116 2324 1241 2390 Abirou
1272 2347 1370 2412 super
1399 2348 1450 2389 me
1481 2327 1606 2407 veniat,
1638 2336 1673 2391 ut
1702 2327 1868 2391 sinentem
1899 2349 1952 2390 me
1982 2337 2067 2392 terra

416 2433 583 2518 deglutiat,
615 2433 737 2519 sieque,
768 2441 939 2518 postquam
970 2431 1032 2496 hae
1062 2453 1198 2496 caruero
1229 2433 1305 2512 vita,
1337 2433 1397 2496 sim
1428 2433 1547 2496 eternis
1578 2431 1709 2518 ignibus
1736 2433 1985 2520 mancipandus,
2010 2435 2068 2498 sim

416 2538 546 2604 diabolo
577 2538 630 2602 vel
660 2539 727 2603 suis
756 2538 881 2623 angelis
912 2537 1097 2618 sociandus,
1128 2539 1188 2601 sim
1219 2537 1455 2603 habitatoribus
1486 2537 1626 2604 Sodoma
1661 2549 1693 2603 et
1722 2539 1804 2604 Iude
1835 2541 2001 2626 particeps
2036 2542 2068 2604 in
2086 2563 2109 2600 a

415 2645 524 2732 penali
548 2643 708 2730 supplicio
733 2642 970 2724 conburendus,
995 2654 1027 2708 et
1049 2643 1126 2707 dum
1150 2653 1225 2708 ante
1249 2643 1393 2709 tribunal
1415 2643 1582 2709 metuendi
1598 2655 1631 2709 et
1653 2645 1787 2730 gloriosi
1801 2644 1920 2709 iudicis
1936 2645 2067 2710 Domini

415 2753 516 2816 nostri
532 2750 608 2816 Iesu
624 2749 744 2815 Christi
768 2771 958 2836 pervenero,
982 2751 1015 2814 in
1040 2771 1080 2814 ea
1103 2759 1195 2837 parte
1219 2750 1424 2832 adnumerer‚
1447 2749 1564 2836 quibus
1581 2750 1669 2814 idem
1691 2750 1846 2840 terribilis
1863 2761 1896 2815 et
1911 2751 2068 2837 gloriosus

415 2855 700 2923 iudex-minando
731 2856 876 2921 dicturus
907 2867 955 2920 est
986 2856 1114 2920 dicens:
1144 2856 1346 2921 ‘Disceditel
1377 2879 1396 2920 a
1425 2879 1477 2920 me
1508 2856 1673 2921 maledicti
1703 2859 1737 2920 in
1767 2859 1877 2942 ignem
1912 2869 2067 2940 eternum,

416 2963 472 3049 qui
495 2973 687 3050 preparatus
711 2973 760 3027 est
784 2962 913 3028 diabolo
938 2973 970 3027 et
993 2962 1118 3048 angelis
1143 2963 1234 3027 eius’.

523 3069 604 3134 Late
628 3068 830 3134 conditiones
853 3068 914 3134 sub
938 3068 1023 3134 die*.
2085 3091 2108 3130 a

580 3220 606 3298 ²⁸)
629 3233 654 3282 17
668 3237 691 3284 1.
715 3236 740 3284 5.
766 3235 810 3284 17:
837 3229 883 3284 die
907 3229 966 3296 illo,
991 3247 1064 3284 auno
1088 3229 1146 3296 illo,
1171 3247 1239 3301 rege
1264 3229 1329 3298 illo;
1356 3234 1423 3284 Vs:
1451 3229 1503 3284 sub
1532 3229 1578 3284 dic
1597 3229 1633 3285 V.
1662 3247 1750 3284 nonas
1774 3230 1842 3286 Mai.
1871 3248 1944 3285 auuo
1969 3224 2067 3284 ΧΧΠο

629 3335 735 3391 Ksrolo
758 3353 854 3408 regem
878 3343 942 3407 post
966 3337 1074 3390 obitum
1096 3331 1216 3402 Otoni²;
1244 3340 1268 3389 17
1282 3342 1328 3390 19:
1357 3337 1403 3392 die
1427 3353 1563 3392 nouarum
1587 3335 1708 3407 Aprilis3
1737 3340 1825 3391 Mad:
1852 3337 1898 3392 die
1923 3336 1969 3391 rel
1991 3353 2066 3390 aera.

522 3492 694 3550 X11,e,15.
739 3493 800 3542 1.1.
829 3486 977 3556 collegere]
998 3491 1035 3540 ita
1057 3490 1123 3552 u1;
1144 3489 1275 3555 colligere
1294 3499 1348 3541 cett.
1403 3507 1463 3541 meo
1487 3491 1553 3540 deest
1577 3490 1647 3540 illud.
1703 3486 1755 3553 illi]
1784 3489 1832 3542 illo
1859 3491 1922 3540 171.
1947 3493 1972 3541 8.
1997 3491 2067 3540 aliod.

416 3583 432 3631 1.
452 3583 476 3632 2.
505 3575 693 3646 subscriptam]
712 3581 867 3645 subscripta
886 3579 929 3630 vel
949 3585 1077 3646 srrscepta
1099 3576 1266 3643 (susceptum
1287 3579 1311 3626 17
1320 3576 1348 3640 8)
1372 3579 1426 3628 Vl.
1445 3580 1469 3628 8.
1516 3573 1668 3642 sinceriter]
1687 3580 1846 3630 sinceritate
1866 3579 1938 3629 Mau
1983 3586 2066 3630 totam

416 3664 493 3734 inibi]
512 3669 550 3720 itu
569 3668 630 3719 El.
652 3668 736 3729 ltus
760 3674 820 3718 tota
845 3671 873 3717 in
899 3669 1000 3718 ibidem
1026 3667 1093 3728 178;
1119 3673 1177 3716 tota
1196 3668 1297 3718 ibidem
1316 3676 1370 3718 caet.
1402 3665 1411 3727 ]]
1443 3669 1459 3718 l.
1479 3670 1503 3718 3.
1532 3669 1591 3733 ipsu
1609 3667 1676 3718 deest
1696 3667 1761 3716 Pia.
1818 3663 1924 3732 eadem]
1947 3669 2066 3718 eiusdem
2084 3677 2107 3716 te

421 3759 479 3808 171.
508 3757 517 3818 ]]
546 3758 562 3807 l.
580 3760 604 3807 4.
628 3764 654 3806 et
673 3773 766 3807 omnes
786 3781 819 3790 —
838 3750 955 3822 abnego]
976 3772 1069 3806 omnes
1089 3757 1156 3806 ritus
1176 3756 1307 3806 Iudaicae
1328 3757 1525 3806 observationis
1544 3757 1674 3822 abinceps
1694 3757 1801 3822 abnego
1821 3757 1892 3807 Mau.
1930 3752 2065 3819 Iudaicas]

416 3847 533 3898 ludaeas
560 3846 627 3897 Pru.
684 3853 711 3896 ct
730 3861 792 3895 cum
812 3847 885 3895 omni
905 3845 975 3896 ulad.
1008 3842 1017 3905 ΙΙ
1049 3847 1066 3895 1.
1086 3847 1111 3894 5.
1140 3861 1246 3895 omnem
1267 3869 1298 3877 -
1319 3846 1498 3896 intentionem
1518 3845 1574 3894 171.
1631 3845 1781 3896 crediturus
1801 3861 1860 3894 sum
1881 3845 2067 3896 -rediturus

415 3953 474 3988 sum
493 3931 550 4000 aut]
571 3937 652 3988 credo
673 3944 700 3987 et
719 3937 834 3986 credens
858 3941 1020 4001 perpetuum
1046 3936 1074 3983 iu
1101 3949 1133 3983 ea
1160 3948 1318 3998 permanere
1345 3934 1476 3998 meipsum
1502 3933 1623 3998 spondeo
1651 3939 1678 3982 et
1704 3949 1852 3999 numquam
1878 3934 1949 3984 llud.
2006 3951 2066 3985 con-

415 4020 510 4088 sortio]
530 4027 674 4076 consensio
695 4025 758 4087 V8;
778 4020 960 4084 consensu('?)
979 4022 1053 4073 1710.
1085 4020 1094 4082 ]]
1126 4023 1143 4073 1.
1164 4023 1188 4072 6.
1215 4023 1352 4087 inpietatis
1371 4016 1493 4084 Iudaica]
1513 4020 1619 4070 Iudaici
1639 4022 1737 4071 erroris
1758 4020 1825 4071 Ptu.
1858 4021 1867 4082 ]]
1899 4023 1915 4072 1.
1932 4025 1955 4073 1.
1982 4025 2067 4072 sociu-

416 4107 502 4174 turris]
529 4115 651 4164 sociatus
678 4129 725 4164 ero
751 4113 840 4172 111111,Ι
865 4113 1009 4162 soelandus
1037 4111 1105 4161 Pte.
1160 4112 1201 4160 his
1226 4111 1294 4160 decet
1317 4110 1340 4158 V
1358 4113 1381 4158 1.
1407 4109 1477 4159 Md.
1513 4109 1522 4169 l]
1556 4111 1572 4160 1.
1593 4111 1617 4159 8.
1649 4110 1858 4160 christianorum
1885 4105 2067 4176 participium]
2084 4121 2106 4159 aa

416 4202 625 4252 christianorum
651 4203 772 4268 partibus
797 4201 864 4262 Va,
892 4200 1039 4251 christiana
1066 4201 1202 4265 mancipia
1229 4199 1308 4250 1710.
1363 4199 1532 4248 habitaturus
1558 4204 1586 4248 et
1610 4198 1753 4248 habiturus
1778 4199 1841 4249 178.
1873 4198 1882 4258 l]
1915 4201 1931 4251 1.
1952 4201 1976 4249 0.
2006 4215 2067 4249 con·

416 4290 579 4354 prehensum
600 4307 658 4342 esse
679 4284 838 4352 dinoscitur]
859 4287 902 4339 vel
929 4289 1132 4354 conprehensus
1161 4286 1214 4348 (su
1241 4288 1263 4335 V
1278 4286 1305 4348 5)
1335 4303 1394 4338 esse
1421 4287 1446 4336 d.
1472 4287 1497 4335 17
1511 4289 1534 4336 5.
1562 4289 1592 4348 8;
1617 4286 1668 4336 dea.
1694 4287 1766 4339 Mad.
1798 4287 1808 4348 ΙΙ
1839 4289 1855 4338 1.
1877 4289 1918 4338 11.
1947 4281 2067 4351 debeam]

417 4378 534 4428 debeant
560 4379 587 4428 Ε
605 4383 635 4440 1;
662 4380 748 4430 modis
774 4379 899 4428 omnibus
926 4376 1090 4442 adimpleam
1115 4375 1175 4426 edd.
1202 4376 1264 4425 V8.
1320 4370 1501 4442 quocumque]
1528 4374 1620 4440 aliquo
1648 4374 1716 4426 Pia.
1772 4382 1820 4426 aut
1839 4383 1962 4427 sanctam
1984 4372 2013 4439 f.]
2040 4383 2067 4426 ut

416 4471 537 4516 sanctam
556 4469 575 4516 f.
595 4467 663 4528 Ε1;
690 4469 769 4518 huius
794 4473 889 4518 sancte
914 4465 979 4515 fidei
1004 4465 1028 4514 V
1043 4467 1067 4515 8.
1100 4463 1109 4523 ΙΙ
1140 4465 1157 4515 1.
1179 4466 1219 4514 12.
1249 4466 1317 4514 ritus
1337 4465 1449 4514 iudaice
1469 4458 1554 4527 secte]
1576 4465 1644 4514 ritus
1663 4464 1771 4514 Iudaici
1790 4471 1893 4514 sectam
1914 4465 1976 4516 Ε1.
1997 4465 2067 4516 1720.

417 4550 502 4618 secte]
523 4555 604 4606 adero
631 4563 678 4606 aut
702 4556 762 4606 add.
790 4556 851 4605 175.
907 4557 935 4605 ln
961 4547 1142 4619 quocumque]
1168 4555 1196 4603 in
1223 4568 1395 4617 quacumque
1422 4551 1450 4602 Ε
1468 4554 1497 4614 l;
1523 4567 1720 4618 quamcumque
1746 4553 1827 4604 1720.
1883 4555 2066 4605 observationi
2083 4564 2106 4602 to

417 4643 559 4694 observari
578 4644 634 4693 178.
672 4639 824 4707 intendere]
845 4646 985 4694 intendere
1006 4643 1074 4704 Ε1;
1095 4642 1263 4692 contendero
1283 4641 1358 4691 1710.
1396 4643 1420 4690 si
1439 4635 1498 4704 vos]
1518 4641 1595 4691 eibos
1612 4640 1860 4704 Vl.8;vosllfad.
1885 4641 1894 4702 ]]
1917 4643 1990 4694 113.
2009 4659 2067 4708 pro-

417 4727 584 4794 missionem]
605 4733 802 4796 professionem
822 4733 893 4782 Mad.
942 4734 1094 4782 iuramento
1115 4749 1147 4781 ea
1167 4729 1229 4781 El.
1262 4728 1270 4789 ΙΙ
1302 4731 1319 4778 l.
1341 4733 1381 4779 14.
1410 4724 1561 4794 perfecero]
1580 4729 1709 4794 perficere
1730 4729 1791 4779 Ε1.
1842 4726 1946 4795 audita]
1967 4732 2067 4782 credita

417 4820 488 4869 Mad.
519 4819 527 4879 ]]
557 4821 574 4869 1.
592 4822 633 4869 15.
653 4822 763 4870 venient
783 4820 845 4870 ΕΙ.
882 4815 1094 4886 contemptores]
1116 4819 1378 4884 contemplatoribus
1398 4817 1465 4878 1313
1486 4819 1718 4882 contemptoribus
1737 4818 1795 4868 178.
1825 4815 1835 4878 ΙΙ
1864 4819 1941 4868 116.
1962 4822 2067 4870 venient

419 4907 445 4956 Ε
463 4911 485 4957 1.
519 4907 526 4966 ]]
559 4909 576 4958 1.
598 4910 638 4958 11.
667 4913 693 4958 et
714 4924 795 4973 super
813 4907 882 4960 filios
902 4909 958 4958 Vl.
979 4912 1004 4959 8.
1037 4908 1046 4968 ]
1078 4910 1094 4958 1.
1117 4911 1157 4957 18.
1186 4902 1235 4970 ita]
1255 4909 1294 4956 ita
1313 4912 1343 4956 ut
1362 4906 1437 4956 1715.
1492 4901 1610 4969 Dathan]
1634 4906 1672 4956 ita
1697 4905 1726 4954 Ε
1744 4909 1772 4969 1;
1799 4907 1893 4958 Datau
1918 4915 1973 4958 cett.
2028 4923 2066 4956 me

416 4995 483 5045 deest
501 4995 562 5045 ΕΙ.
590 4995 599 5057 ]]
624 4997 641 5046 1,
657 4999 697 5047 19.
720 4993 873 5062 postquam]
894 5004 956 5064 post
975 4997 1038 5047 Ε1.
1075 4998 1145 5046 hauc
1166 4996 1222 5046 V8.
1260 4997 1344 5046 ritum
1364 4995 1421 5044 Vl.
1442 4996 1466 5044 6.
1504 4996 1553 5043 sim
1573 4988 1684 5057 eternis]
1703 4996 1754 5045 sim
1771 4995 1925 5046 deutlich.
1967 4999 2017 5047 sim
2036 5021 2066 5030 -
2082 5005 2105 5042 ts

417 5080 622 5149 mancipandus]
641 5101 682 5134 me
703 5092 831 5135 aeternus
852 5088 922 5152 ignis
942 5085 1150 5152 mancipandum
1169 5084 1241 5134 Mad.
1284 5085 1336 5133 sim
1355 5081 1467 5133 diabulo
1487 5107 1521 5117 ·-
1540 5079 1696 5146 sociandus]
1717 5083 1767 5134 dea.
1786 5084 1815 5133 Ε
1826 5087 1856 5146 1;
1875 5101 1938 5136 cum
1958 5085 2066 5136 diabulo

418 5179 444 5222 et
464 5175 519 5222 siris
540 5172 644 5237 angelis
664 5175 823 5223 sociandum
843 5176 975 5238 suscipiat
993 5173 1064 5224 Mad.
1088 5173 1097 5234 ]]
1120 5167 1273 5236 12011111]
1293 5178 1321 5222 et
1340 5188 1401 5222 eum
1420 5171 1491 5221 Mad.
1529 5165 1607 5236 lude]
1622 5171 1771 5223 Gomorrae
1785 5171 1856 5224 Mad.
1880 5172 1889 5234 ΙΙ
1912 5175 1929 5224 1.
1943 5175 1986 5226 21.
2005 5191 2066 5241 poe·

416 5261 478 5310 nale
498 5260 660 5326 supplicium
680 5261 751 5312 ittae.
801 5257 1003 5326 conburendus]
1023 5263 1114 5312 tradar
1132 5261 1192 5312 add.
1212 5261 1283 5312 Mad.
1339 5266 1366 5311 et
1385 5255 1458 5324 dum]
1478 5265 1507 5310 ut
1525 5261 1589 5311 dum
1610 5261 1672 5311 Ε1.
1692 5261 1749 5311 178.
1771 5263 1811 5312 10.
1832 5261 1900 5312 Piu.
1950 5256 2067 5326 Domini]

416 5351 547 5414 principis
576 5349 678 5400 domini
706 5350 777 5403 illud.
813 5349 822 5410 ΙΙ
856 5351 873 5400 1.
893 5352 935 5400 22.
964 5345 1134 5412 adnumeret]
1163 5350 1355 5400 adnumeratus
1380 5349 1405 5398 17
1419 5351 1450 5412 5;
1479 5347 1652 5414 adglomerer
1677 5350 1756 5401 1710.
1811 5351 1884 5402 idem
1909 5351 1976 5402 deest
2000 5351 2067 5402 illud.

417 5438 433 5486 l.
448 5439 490 5487 23.
515 5432 647 5501 dicturus]
667 5439 835 5488 iudicaturus
855 5438 925 5488 Mau
964 5433 1067 5502 dicens]
1087 5440 1195 5488 dicente
1216 5436 1284 5498 Ε1;
1302 5438 1369 5488 deest
1387 5437 1462 5488 1710.
1484 5437 1613 5488 15171111.
1644 5435 1653 5498 ]]
1681 5439 1698 5489 1.
1712 5440 1753 5490 25.
1779 5435 1856 5504 Late]
1875 5441 1964 5491 Datae
1984 5439 2107 5498 Mud.,·to

417 5527 484 5576 Late
504 5526 640 5590 etreliqua
659 5526 708 5576 des.
729 5527 785 5577 178.
831 5528 882 5577 sub
901 5527 967 5576 deest
984 5526 1055 5576 Med.
1088 5525 1097 5585 11
1129 5527 1145 5576 l.
1165 5527 1207 5576 26.
1236 5519 1332 5590 nouas]
1351 5542 1401 5576 nus
1421 5525 1477 5576 176.
1510 5525 1519 5587 ]
1550 5527 1567 5577 1.
1588 5528 1630 5577 21.
1658 5521 1772 5592 Karolo]
1791 5527 1854 5579 krlo
1875 5529 1931 5579 176.

527 5670 556 5738 1)
583 5671 685 5726 Mutela
712 5671 762 5739 35,
785 5671 836 5727 41.
929 5671 959 5740 2)
984 5671 1030 5727 De
1053 5671 1105 5727 lroc
1127 5677 1249 5744 tenuiore
1271 5689 1297 5726 v.
1322 5670 1424 5727 codicis
1445 5671 1502 5728 176
1528 5671 1741 5746 descriptionem
1764 5673 1794 5729 in
1812 5675 2009 5748 praefatione.
