4388 6226
405 329 470 392 480
798 335 1094 392 SUPPLEMENTA.
1120 363 1161 373 -
1187 335 1301 392 CONC.
1326 338 1466 392 'POLE‘R
1491 336 1571 392 XIII.
1597 337 1662 392 XV.

404 534 539 588 exactor
563 522 693 608 collegit
716 523 749 585 in
774 522 932 587 rationem
955 522 1058 608 ipsius
1082 520 1204 603 tributi,
1229 523 1290 588 hoc
1314 522 1376 588 sibi
1400 525 1537 609 imputet
1559 535 1591 587 et
1621 534 1723 586 terras
1754 525 1842 609 ipsas
1866 522 1920 586 vel
1944 524 2056 586 vineas

404 628 508 710 vobis,
534 629 574 694 de
600 651 736 716 quorum
760 630 829 693 iure
854 627 983 693 ablatae
1008 640 1090 710 sunt,
1116 629 1286 694 restituere
1311 653 1375 694 non
1399 631 1537 694 differat.
1578 630 1633 694 Sic
1658 631 1744 694 enim
1768 629 1903 716 dignum
1928 641 1987 710 cst,
2011 643 2055 707 ut,

404 736 492 822 quod
527 736 621 800 huius
655 737 786 822 pietatis
807 723 951 800 ¹nostrae
986 736 1172 800 sinceritate
1209 735 1422 822 depromitur,
1461 738 1507 801 ita
1541 761 1561 801 a
1595 738 1720 802 cunetis
1756 738 1825 801 sine
1865 738 2057 824 cuiusquam

404 844 584 908 exactionis
609 842 737 907 stimulo
762 854 947 929 peragatur.

510 960 634 1024 Datum
658 958 718 1024 sub
742 959 795 1023 dic
823 958 982 1023 kalendas
1007 958 1201 1024 Novembris
1232 983 1317 1025 anno
1347 961 1484 1025 feliciter
1514 971 1630 1046 quarto
1660 961 1754 1046 regni
1783 962 1908 1024 nostril
1932 960 2087 1025 Teletos

865 1278 1151 1356 CONCILIUM
1177 1280 1497 1357 'POLETANUM
1521 1282 1606 1356 XV.

1046 1429 1092 1516 (a.
1123 1421 1206 1508 688,
1233 1419 1319 1491 Mai.
1350 1418 1420 1518 11).

713 1609 867 1674 Tenus
892 1609 1096 1673 Earn-nv]
1114 1609 1257 1674 REGIS
1284 1609 1504 1674 CONCILIO
1531 1610 1754 1675 OBLATUS.

405 1754 450 1818 ln
484 1753 648 1818 nomino
679 1751 857 1816 Domini.
910 1751 1084 1815 Flavius
1115 1751 1246 1837 Egica
1282 1775 1354 1816 rex
1389 1754 1753 1817 reverentissimis
1788 1753 1984 1840 patribus
2018 1755 2059 1817 in

847 1858 921 1922 hac
952 1871 1097 1923 sancta
1127 1858 1285 1946 synodo
1315 1858 1615 1925 residentibus
2079 1879 2102 1916 ¹0

512 1985 611 2064 Ecce,
636 1982 858 2048 sublimissimi
883 1995 991 2070 patres
1016 1999 1047 2048 ot
1078 1983 1211 2049 caelesti
1242 1986 1311 2048 iure
1343 1984 1523 2048 honorandi
1554 1985 1633 2049 mihi
1662 1985 1843 2071 pontifices,
1875 1987 2059 2071 speciosum

405 2093 506 2156 vestri
532 2091 652 2156 ordinis
677 2091 791 2155 adiens
816 2105 954 2173 coetum,
979 2091 1034 2155 illa
1058 2092 1130 2178 plus
1154 2093 1271 2156 efferor
1294 2094 1439 2179 potentia
1462 2091 1664 2177 gaudiorum,
1690 2115 1753 2178 quo
1777 2093 1811 2155 in
1828 2094 1927 2157 vostri
1952 2091 2058 2156 medie

405 2201 547 2286 positum
571 2223 635 2263 non
659 2197 790 2283 ambigo
815 2199 980 2263 dominum
1004 2199 1113 2263 Iesum
1138 2199 1312 2282 Christum,
1338 2200 1407 2263 cius
1432 2201 1552 2286 quippe
1577 2197 1779 2262 sermonibus
1803 2199 1900 2263 iidem
1932 2223 2058 2263 accom-

406 2307 552 2388 modam,
577 2304 694 2393 quibus
719 2307 778 2369 ait:
805 2305 1045 2392 ‘Ubicumque‘2
1068 2305 1188 2370 fuerint
1211 2306 1274 2371 duo
1298 2307 1350 2372 vel
1375 2318 1440 2372 tres
1463 2309 1497 2370 in
1521 2308 1650 2370 nomine
1674 2330 1746 2370 mco
1771 2306 1909 2384 crtrllocti,
1934 2306 1980 2370 ibi
2005 2329 2059 2370 ero

406 2415 439 2478 iu
463 2413 570 2478 medio
596 2413 727 2476 corum'.
775 2412 881 2477 Tanta
905 2414 975 2500 spei
999 2413 1093 2477 buius
1117 2413 1237 2478 fiducia
1260 2415 1357 2496 feror,
1381 2426 1425 2496 ut,
1451 2413 1610 2502 quidquid
1640 2425 1748 2478 vestra
1779 2415 1875 2478 fucrit
1899 2415 2060 2477 sententia
2079 2435 2103 2476 rs

406 2531 548 2590 cautum,
574 2521 702 2583 nonnisi
727 2543 770 2594 eo
790 2519 933 2583 dictante
958 2518 1089 2584 credam
1114 2543 1276 2586 exorsum.
1324 2522 1395 2585 Non
1421 2545 1498 2606 crgo
1523 2521 1659 2607 pudebit
1682 2545 1733 2585 me
1760 2521 1826 2585 illic
1858 2520 1965 2585 cordis
1996 2522 2060 2584 mei

406 2627 549 2714 pandere
575 2629 690 2708 sinum,
717 2650 758 2691 ex
783 2649 846 2713 quo
871 2625 1009 2690 ubertim
1034 2639 1167 2690 manant
1191 2626 1287 2692 rivuli
1311 2631 1495 2693 sanitatum.
1535 2629 1702 2694 Attendite
1727 2630 1791 2692 iam
1815 2631 1956 2714 iamque,
1974 2628 2059 2692 unde

405 2757 464 2798 cor
494 2735 677 2798 serenitatis
708 2745 837 2798 nostrae
867 2743 1053 2814 exaestuet,
1086 2734 1137 2798 vol
1173 2733 1290 2820 quibus
1326 2759 1367 2800 ox
1404 2738 1510 2800 causis
1545 2737 1660 2799 maesti
1695 2737 1835 2822 pectoris
1871 2747 2061 2821 angustetur

407 2841 528 2904 dolore.
576 2839 660 2904 lllud
682 2841 762 2905 mibi
786 2843 890 2927 primo
915 2842 946 2903 in
972 2840 1042 2904 loco
1067 2840 1240 2905 dicendum
1265 2844 1415 2923 occurrit,
1441 2842 1537 2928 quod,
1563 2842 1630 2906 divi
1655 2845 1754 2928 patris
1778 2844 1879 2906 nostri
1905 2857 1937 2906 et
1957 2844 2061 2906 soceri

408 2947 516 3033 regale
542 2949 711 3012 sortientes
735 2948 911 3034 fastigium.
936 2949 1066 3032 gemino
1090 2971 1141 3012 mc
1166 2950 1268 3012 sentio
1292 2951 1463 3013 iuramenti
1487 2964 1555 3013 rete
1574 2950 1776 3036 implicitum,
1794 2951 1899 3030 itaut,
1918 2951 1945 3013 si
1962 2973 2060 3014 unum
2079 2971 2104 3010 ro

407 3077 450 3118 ex
474 3054 523 3118 his
548 3053 775 3118 olrscrvantiae
801 3053 929 3118 cautela
953 3077 1152 3134 esmscrvom,
1178 3077 1220 3118 cx
1244 3055 1306 3119 alio
1331 3055 1537 3120 nibilominus
1565 3058 1598 3120 in
1628 3058 1761 3143 periurii
1794 3057 1916 3120 crimen
1948 3056 2061 3120 videar

407 3160 573 3226 recidisse.
621 3162 697 3247 Egit
722 3163 807 3224 enim
831 3161 917 3224 idom
942 3161 1038 3225 divus
1062 3185 1155 3226 socer
1177 3175 1287 3226 nostor
1310 3163 1464 3246 Ervigius
1494 3163 1647 3249 prinecps
1677 3164 1761 3227 inter
1792 3175 1911 3246 cetera,
1943 3162 2060 3250 quibus

407 3291 458 3332 me
483 3270 612 3332 incanto
637 3282 669 3332 ct
693 3266 873 3331 inevitabili
899 3268 1119 3332 conditionum
1145 3280 1346 3333 sacramento
1369 3268 1552 3350 adstrinxit,
1577 3293 1651 3334 curn
1668 3269 1775 3334 adhuc
1791 3271 1869 3334 mihi
1886 3270 2061 3355 gloriosam

407 3375 506 3439 liliam
532 3397 623 3438 suam
649 3374 910 3458 coniungendam
928 3374 1073 3458 eligeret,
1098 3387 1132 3440 ut
1149 3375 1334 3439 omnimoda
1350 3377 1544 3440 sacramenti
1561 3400 1612 3440 me
1629 3379 1794 3440 taxatione
1812 3379 2059 3462 constringeret,

408 3505 472 3568 quo
508 3504 566 3569 pro
598 3483 685 3545 anmi
715 3482 845 3566 negotio
877 3481 1015 3545 tiliorum
1052 3505 1182 3547 suorum
1217 3485 1261 3546 ita
1296 3506 1347 3546 mo
1382 3485 1488 3569 ipsum
1524 3484 1717 3570 opponendo
1753 3484 1909 3548 sollicitus
1945 3507 2059 3563 essem,
2079 3507 2103 3546 a

407 3589 547 3676 qualiter
571 3611 681 3652 comm
706 3612 825 3653 causae
850 3588 890 3651 ad
914 3590 1083 3652 victoriam
1107 3591 1325 3675 pervenirent,
1349 3601 1382 3653 ct
1405 3590 1563 3678 quidquid
1589 3613 1639 3655 me
1663 3615 1721 3678 pro
1739 3590 1938 3678 quibuslibet
1954 3592 2060 3654 causis

408 3697 609 3782 imperasset,
640 3697 674 3759 in
698 3694 848 3760 munibus
878 3697 967 3760 iussa
998 3698 1066 3760 eius
1096 3696 1274 3782 implerem.
1329 3697 1422 3760 Haec
1452 3699 1585 3784 inquam
1615 3699 1680 3762 iam
1711 3698 1797 3762 dicto
1829 3699 1969 3784 principi
2001 3695 2060 3761 sub

408 3804 580 3867 iuramenti
604 3804 754 3867 cautione
778 3804 980 3888 promittens,
1005 3802 1093 3867 aliud
1117 3813 1249 3868 econtra
1274 3825 1323 3866 mc
1349 3815 1494 3890 tempore
1518 3805 1629 3868 mortis
1653 3828 1730 3869 suae
1754 3805 1890 3890 impegit
1906 3803 2060 3890 aliudque

408 3933 505 3996 agere
530 3909 673 3996 impulit3
699 3909 825 3974 seilicet
848 3921 883 3974 ut
907 3934 970 3974 non
996 3922 1070 3974 ante
1094 3933 1230 3996 regnum
1255 3910 1389 3990 adirem,
1413 3911 1476 3973 nisi
1500 3913 1639 3996 primum
1667 3913 1786 3975 strictis
1816 3935 1868 3976 mc
1900 3914 2061 3976 iuramen-

407 4027 512 4081 torum
537 4016 675 4080 vinculis
700 4017 878 4102 alligarem,
903 4028 938 4080 ut
961 4017 1116 4081 iustitiam
1141 4018 1320 4080 commissis
1343 4017 1472 4103 populis
1495 4041 1560 4081 non
1584 4041 1749 4103 negarem.
1791 4019 1877 4082 Acta
1901 4031 1977 4083 sunt
2000 4021 2061 4083 ista
2079 4043 2104 4080 so

407 4135 439 4187 et
463 4123 660 4210 specialibus
689 4124 910 4188 conditionum
942 4123 1122 4210 probantur
1152 4124 1290 4188 nexibus
1320 4124 1453 4208 illigata.
1509 4125 1654 4205 Qumum
1686 4127 1783 4191 ctiam
1815 4125 1955 4204 duarum
1986 4151 2059 4191 con-

408 4231 566 4295 ditionum
596 4230 816 4295 inevitabilem
849 4247 881 4295 et
912 4230 973 4294 sibi
1005 4232 1198 4295 contrariam
1230 4232 1361 4306 seriem,
1400 4243 1432 4294 ct
1462 4231 1603 4314 illarum,
1642 4256 1722 4318 quas
1754 4232 1794 4297 ob
1826 4236 2061 4319 protectionem

408 4337 546 4402 filiorum
571 4361 702 4403 suorum
726 4338 805 4402 mihi
830 4339 950 4423 exegit,
976 4349 1007 4402 et
1031 4339 1176 4419 istarum,
1201 4361 1281 4424 quas
1306 4337 1346 4402 ob
1371 4338 1644 4423 praeelectionem
1669 4341 1761 4425 regni
1785 4341 1862 4404 mibi
1881 4341 2061 4427 exigendas

408 4444 556 4522 instituit,
581 4447 786 4532 paternitatis
810 4457 939 4509 vestrae
963 4444 1227 4530 pertractandam
1252 4444 1453 4509 consultibus
1477 4445 1647 4528 destinavi,
1679 4459 1803 4532 petens,
1836 4459 1870 4512 ut
1902 4459 1933 4512 ct
1965 4447 2061 4512 bene·

409 4551 606 4616 dictionibus
637 4554 753 4616 vestris
789 4575 889 4637 regno
922 4552 1129 4616 confirmatus
1159 4553 1346 4616 inhaeream
1378 4565 1409 4615 et
1445 4553 1621 4616 sanctionis
1652 4565 1780 4618 vestrae
1810 4554 1932 4637 regulis
1964 4556 2060 4630 viam,
2079 4575 2103 4615 u

410 4681 473 4744 qua
498 4659 638 4724 discreto
663 4659 743 4723 calle
768 4660 901 4745 periurii
933 4659 1064 4745 gradiar
1092 4659 1294 4740 informatus,
1326 4682 1510 4744 agnoscam.
1565 4659 1637 4724 Non
1668 4661 1753 4724 onim
1784 4673 1897 4747 potero
1928 4663 2062 4746 periurii

410 4765 554 4849 effugere
585 4778 705 4844 uotam,
737 4766 763 4828 si
795 4779 851 4830 aut
881 4767 944 4828 iam
977 4765 1055 4828 dicti
1086 4767 1242 4851 principis
1274 4779 1386 4830 contra
1414 4768 1569 4830 iustitiam
1601 4767 1805 4832 defendendo
1837 4768 1962 4854 prolem
1998 4792 2061 4833 non

410 4870 582 4936 reddidero
613 4872 741 4959 populis
772 4873 953 4952 veritatem,
985 4885 1040 4936 aut
1070 4884 1202 4958 propter
1232 4875 1413 4954 veritatem,
1448 4874 1639 4959 populorum
1670 4874 1779 4938 zelans
1809 4877 1952 4960 negotia,
1985 4899 2061 4960 erga

409 4976 493 5040 filios
524 4979 592 5041 cius
628 4980 849 5064 promissionis
885 5002 976 5042 meae
1012 5003 1077 5043 non
1111 4978 1289 5065 implevero
1324 4992 1410 5042 vota.
1468 4979 1609 5044 Additur
1644 5005 1742 5068 super
1777 4980 1853 5064 hoc,
1883 4993 1918 5046 ut
1950 4983 2059 5058 fertur,

410 5106 635 5169 pressurarum
659 5087 728 5149 cius
751 5087 785 5149 in
810 5085 981 5172 plerosque
1005 5085 1176 5168 acerbitas,
1202 5110 1282 5172 quos
1306 5085 1450 5150 indebito
1476 5087 1572 5152 robus
1597 5099 1628 5151 ct
1652 5088 1773 5153 bonore
1797 5090 1949 5175 privavit,
1982 5113 2060 5175 quos
2078 5111 2102 5148 ro

411 5189 452 5254 de
477 5190 578 5256 nobili
603 5203 687 5256 statu
712 5194 744 5256 in
769 5194 959 5257 servitutem
983 5195 1032 5257 sui
1063 5195 1140 5257 iuris
1172 5191 1339 5279 implicuit,
1372 5216 1452 5279 quos
1483 5197 1650 5258 tormentis
1681 5195 1819 5282 subegit,
1852 5219 1932 5282 quos
1964 5196 2059 5259 etiarn

328 5389 335 5396 Ι
411 5298 561 5361 violentis
586 5299 713 5362 iudiciis
737 5301 870 5386 pressit3
895 5324 954 5386 pro
979 5300 1096 5386 quibus
1121 5298 1270 5364 omnibus
1295 5299 1376 5365 hace
1400 5300 1506 5365 adhuc
1530 5303 1664 5388 insuper
1687 5325 1752 5366 vox
1775 5303 1809 5366 in
1826 5303 2060 5389 querimoniam

519 5519 536 5568 l.
556 5519 598 5568 22.
624 5513 712 5580 socer]
733 5535 892 5583 praecessor
910 5520 944 5569 el.
970 5517 978 5578 ll
1004 5519 1021 5569 l.
1041 5523 1082 5569 28.
1109 5514 1249 5584 aliudque]
1270 5518 1342 5570 aliud
1363 5520 1455 5570 ,llatae
1481 5521 1490 5578 ll
1516 5523 1532 5570 l.
1553 5525 1594 5572 33.
1621 5517 1695 5584 mihi]
1718 5522 1771 5572 mei
1790 5521 1883 5571 diurni.

524 5701 552 5768 l)
577 5699 616 5755 D.
644 5700 671 5755 l.
689 5698 760 5756 Noc.
785 5719 812 5757 α.
832 5720 864 5774 p.
892 5701 960 5757 Clau
986 5701 1058 5755 683.
1151 5701 1181 5770 2)
1208 5701 1311 5757 ittarta.
1334 5703 1383 5770 18,
1404 5702 1454 5759 20.
