4372 6254
514 309 669 367 CODICIS
692 309 897 368 EURIOIANI
918 312 1164 370 FRAGMENTA
1188 313 1262 370 281.
1288 313 1362 373 282.

472 497 536 579 ille,
562 498 617 582 qui
641 497 871 580 commodavit,
895 498 996 563 solam
1019 501 1179 585 pecuniae
1204 523 1288 564 sum-

471 625 557 668 mam
582 604 721 690 resipiat
743 616 776 670 et
798 629 863 669 non
886 607 1032 692 requirat
1054 629 1179 671 usuras.
1227 606 1286 672 Sin
1365 613 1366 618 ’

471 733 549 775 vero
573 733 634 796 per
656 712 757 797 ipsius
781 711 929 776 fraudem
952 712 1004 776 vel
1029 712 1157 798 eulpam
1181 713 1303 779 factum

472 827 531 900 est,
556 827 589 881 et
611 819 786 903 pecuniam
809 829 842 883 et
864 841 980 882 usuras
1003 819 1117 883 solvat.
1165 820 1207 884 Et
1231 822 1257 884 si
1282 821 1339 885 ali·

472 947 537 1010 qua
559 923 651 989 luera
674 935 723 989 est
747 948 789 989 ex
812 947 852 990 ea
873 928 1014 1012 pecunia
1038 939 1241 1010 consecutus,
1266 938 1299 991 et

470 1030 677 1116 postmodum
701 1033 846 1118 contigit,
870 1044 906 1096 ut
928 1033 1068 1118 pecunia
1090 1044 1213 1120 pereat,

471 1147 564 1228 extra
588 1160 756 1221 summam,
781 1139 867 1225 quod
892 1150 1075 1225 acceperat,
1100 1140 1241 1205 mediam

473 1243 652 1332 [usurarum
674 1260 797 1332 partem
821 1246 993 1335 restituat}

406 1437 651 1527 [OOLxxxss.
699 1441 787 1522 Qui¹
810 1442 1036 1506 commendata
1058 1442 1111 1507 vel
1135 1444 1351 1533 commodata]
1473 1470 1664 1519 :arurae

473 1545 665 1634 [susceperit
688 1558 720 1612 et
744 1547 784 1612 de
808 1549 902 1612 ruina
925 1560 981 1612 aut
1003 1549 1153 1615 incendio
1177 1551 1231 1616 vel
1254 1551 1364 1640 hosti]-

474 1652 585 1742 [litatis
609 1654 780 1740 naufragio
805 1677 862 1719 seu
887 1654 1032 1741 quolibet
1055 1657 1152 1720 simili
1176 1679 1255 1722 casu
1279 1657 1349 1746 sua]

473 1759 594 1848 [omnia
615 1759 805 1826 liberaverit
828 1772 861 1826 et
883 1761 991 1826 aliena
1012 1763 1201 1848 perdiderit,
1227 1764 1325 1853 quod]

473 1865 612 1954 [aceepit
635 1869 704 1932 sine
728 1867 839 1955 aliqua
862 1870 1072 1933 excusatione
1096 1869 1277 1959 exsolvere]

473 1983 618 2060 cogatur.
666 1974 802 2040 sivero
826 1984 952 2061 partem
975 1975 1117 2060 aliquam
1141 1976 1182 2040 de
1206 1976 1303 2041 rebus

472 2081 611 2168 propriis
635 2080 792 2146 liberasse
816 2082 1033 2167 cognescitur,
1057 2082 1113 2164 illi,
1138 2084 1230 2148 euius

471 2209 523 2250 res
547 2209 659 2252 seeum
682 2186 851 2269 habuerat,
875 2189 968 2252 iuxta
991 2189 1122 2254 modum
1145 2189 1293 2276 perditae

471 2295 518 2358 rei
541 2293 594 2358 vel
617 2277 774 2358 liberatae
798 2296 956 2376 restituat,
980 2318 1078 2381 quam
1102 2295 1203 2360 iudex

471 2401 596 2464 ratione
621 2399 762 2465 deducta
785 2402 986 2466 estimaverit
1008 2403 1200 2488 portionem.

473 2506 531 2572 Sin
555 2518 664 2571 autem
688 2530 747 2572 sua
771 2508 879 2572 omnia
901 2507 1061 2594 perdedit,
1087 2532 1160 2574 eum
1183 2508 1263 2574 libe·

471 2623 559 2678 raret
583 2613 732 2696 alienam,
758 2614 871 2678 similis
895 2615 936 2679 de
960 2614 1105 2680 liberatis
1129 2626 1162 2680 et
1185 2616 1226 2681 de

470 2718 607 2806 perditis
631 2719 729 2784 rebus
753 2722 835 2786 ratio
860 2721 1049 2804 deducatur,
1073 2733 1109 2787 ut
1131 2746 1204 2808 par-

470 2835 537 2890 tem
561 2826 695 2891 arbitrie
719 2827 892 2892 iudicantis
916 2830 972 2914 qui
995 2827 1148 2893 liberavit

472 2935 622 3020 accipiat.
668 2934 793 2999 Iustum
817 2945 867 2999 est
890 2936 987 3017 enim,
1012 2945 1048 2999 ut
1069 2937 1104 2998 in
1127 2936 1223 3000 simili
1249 2959 1301 3001 ea-

471 3063 509 3104 su
532 3063 597 3104 non
621 3041 775 3106 damnum
799 3041 886 3106 solus
910 3043 1063 3127 excipiat,
1088 3043 1143 3128 qui
1168 3065 1202 3106 se
1226 3043 1334 3129 gravi·

471 3146 532 3211 bus
555 3148 720 3234 perieulis,
745 3148 820 3212 dum
845 3171 904 3212 sua
927 3149 1051 3213 maiora
1073 3148 1260 3234 perdederit

472 3265 504 3318 et
527 3254 634 3318 aliena
656 3256 782 3319 minora
805 3254 944 3318 liberare
969 3266 1113 3337 conatur,
1138 3253 1304 3320 obiecerit.

112 3549 200 3604 solam
222 3550 344 3621 pecunie
371 3567 504 3605 summam
534 3550 654 3621 recipiat
679 3556 709 3604 et
739 3567 795 3603 non
825 3551 951 3620 requirat
974 3568 1084 3605 usuras.
1131 3549 1160 3604 si
1185 3568 1252 3605 vero
1281 3569 1334 3621 per
1364 3551 1451 3622 ipsius
1481 3549 1582 3605 fraude
1606 3549 1653 3604 vel
1682 3547 1766 3620 eulpa

114 3655 221 3710 facturn
246 3662 300 3724 est,
333 3662 363 3712 et
386 3656 534 3727 pecuniam
559 3663 590 3712 et
613 3675 712 3710 usuras
735 3657 836 3712 solvat.
885 3654 971 3720 Quod
992 3657 1014 3710 si
1038 3657 1133 3728 eliqua
1155 3657 1233 3711 luera
1258 3663 1301 3712 est
1326 3675 1360 3712 ex
1385 3674 1418 3712 ea
1440 3657 1563 3728 pecunia
1585 3662 1763 3722 consecutus,

115 3768 146 3817 et
168 3764 345 3834 postmodum
368 3763 529 3836 contingat,
554 3771 585 3817 ut
608 3763 731 3834 pecunia
753 3770 865 3834 pereat,
889 3762 915 3818 si
937 3770 1018 3819 tanta
1040 3771 1106 3820 sunt
1128 3764 1218 3832 luera,
1243 3771 1352 3838 quauta
1369 3761 1522 3837 pecuniam
1539 3760 1611 3836 suit,
1637 3769 1663 3818 et
1678 3779 1765 3836 pecu-

65 3900 93 3939 ,0
112 3867 190 3924 uiam
215 3877 240 3925 et
261 3888 365 3926 usuras
386 3870 530 3925 restituat.
570 3951 575 3962 Ι

221 4045 421 4103 CCLXXXII.
469 4048 504 4103 L.
528 4047 584 4104 Vis.
607 4047 640 4116 V,
663 4047 693 4116 5,
716 4046 750 4101 5:
785 4045 841 4110 Qui
870 4049 1058 4102 conmendsts
1086 4048 1133 4104 vel
1163 4049 1338 4103 commodata
1367 4047 1526 4118 susceperit
1557 4053 1587 4102 et
1617 4047 1653 4101 de
1686 4045 1767 4100 mina

113 4160 163 4208 aut
187 4153 317 4209 incendio
340 4159 386 4210 vel
409 4155 572 4210 hostilitatis
596 4153 742 4225 naufragio
773 4171 824 4208 seu
848 4153 976 4226 quolibet
1007 4153 1088 4208 simili
1118 4173 1186 4209 esau
1215 4172 1267 4209 sua
1296 4155 1389 4209 omnia
1417 4154 1582 4210 liberaverit
1613 4159 1643 4208 et
1673 4153 1767 4208 aliena

113 4261 285 4332 perdiderit,
310 4262 385 4332 quod
408 4261 521 4333 aceepit
544 4262 604 4317 sine
629 4261 725 4331 aliqua
748 4261 930 4316 excusatione
954 4268 1072 4332 rogatur
1096 4261 1252 4316 exsolvere.
1301 4259 1331 4315 Si
1355 4278 1422 4316 vero
1444 4267 1555 4332 partem
1578 4260 1699 4331 aliquem
1728 4260 1765 4314 de

114 4367 201 4423 rebus
223 4367 343 4438 propriis
365 4368 502 4423 liberasse
527 4367 715 4439 cognoscitur,
739 4367 790 4434 illi,
814 4367 893 4420 euius
917 4385 962 4422 res
985 4385 1082 4422 seeum
1105 4367 1254 4434 habuerat,
1278 4367 1357 4422 iuxta
1379 4367 1491 4420 modum
1513 4367 1625 4438 perdite
1655 4366 1697 4421 rei
1720 4369 1766 4420 vel

68 4500 95 4540 ω
114 4474 235 4529 liberate
259 4474 403 4543 restituat,
428 4475 537 4546 qualem
560 4475 645 4529 iudex
668 4475 806 4530 rationem
830 4474 956 4528 deducta
979 4473 1154 4529 estimaverit
1180 4474 1349 4544 portionem.
1397 4472 1446 4528 Sin
1469 4481 1565 4528 autem
1595 4490 1647 4527 sua
1675 4473 1768 4526 omnia

114 4579 283 4653 perdiderit,
307 4599 371 4636 eum
392 4581 530 4636 liberaret
553 4581 656 4648 aliena,
688 4589 718 4636 et
741 4581 778 4636 de
801 4580 930 4635 liberatis
955 4588 984 4635 et
1007 4581 1044 4636 de
1067 4581 1188 4651 perditis
1211 4581 1297 4636 rebus
1321 4579 1416 4634 similis
1440 4581 1511 4635 ratio
1535 4580 1703 4648 deducatur,
1734 4587 1766 4633 ut

114 4693 225 4758 partem
249 4687 363 4742 arbitrio
387 4688 537 4743 iudicantis
562 4689 610 4759 qui
632 4687 768 4743 liberabit
791 4687 922 4758 accipiat.
973 4687 1081 4742 Iustum
1112 4693 1156 4742 est
1188 4687 1262 4742 enim
1291 4688 1321 4741 iu
1351 4687 1433 4741 simili
1464 4705 1540 4755 esau,
1571 4693 1603 4742 ut
1633 4686 1680 4742 ille
1711 4703 1767 4740 non

116 4794 246 4848 damnum
269 4795 344 4848 solus
370 4795 500 4866 excipiat,
526 4795 575 4867 qui
598 4813 628 4850 se
652 4795 785 4866 gravibus
808 4793 927 4849 obieerit
950 4793 1095 4864 perieulis,
1120 4800 1150 4849 et
1174 4794 1240 4848 dum
1264 4793 1358 4849 eliens
1380 4794 1486 4848 munera
1501 4799 1618 4848 conatur
1633 4793 1765 4860 liberare,

115 4917 167 4955 sua
189 4900 294 4955 maiore
317 4900 491 4977 requaeritur
512 4899 687 4972 perdedisse.

1607 5071 1764 5078 ——u-—a

70 5211 99 5250 40
224 5180 391 5231 CCLXXXI.
429 5182 445 5231 l.
461 5183 485 5233 7.
511 5176 638 5244 mediam]
657 5189 796 5246 sequeutia
813 5179 952 5244 empturas
969 5179 1097 5246 reliquiae,
1115 5197 1158 5230 seu
1177 5181 1231 5240 LB,
1250 5196 1293 5230 seu
1306 5179 1417 5246 fortasse
1435 5180 1480 5230 US
1500 5180 1623 5246 leqersdue.

224 5269 408 5320 CCLXXXII.
445 5271 462 5320 l.
477 5272 518 5322 15.
537 5265 588 5333 illi]
608 5268 655 5321 ille
673 5285 694 5320 e.

227 5450 256 5520 1)
283 5449 331 5523 Cf.
357 5449 443 5508 Pauli
466 5451 543 5508 Seut.
569 5450 609 5521 II,
628 5451 657 5520 4,
676 5449 711 5505 2:
737 5450 767 5506 Si
790 5451 866 5505 faeta
889 5451 1031 5518 incendio,
1062 5451 1154 5518 ruina,
1184 5449 1332 5523 naufragio
1357 5456 1406 5505 aut
1430 5467 1486 5522 quo
1509 5450 1564 5505 alio
1591 5449 1673 5504 simili
1702 5468 1769 5504 casu

117 5577 163 5614 res
186 5559 362 5614 commodata
384 5559 485 5614 amisse
506 5559 553 5626 sit,
578 5577 634 5613 non
658 5559 805 5613 tenebitur
829 5557 997 5612 eonomine
1021 5558 1054 5624 is,
1080 5557 1124 5611 eui
1149 5558 1325 5612 commodata
1345 5564 1398 5624 est,
1423 5557 1476 5611 nisi
1492 5556 1577 5624 forte,
1595 5574 1657 5612 curn
1672 5561 1769 5626 posset

118 5685 178 5722 rem
200 5666 402 5722 commodatam
425 5665 531 5721 salvam
553 5665 661 5732 faeere,
685 5682 762 5718 suam
786 5663 940 5736 praetulit3
967 5661 1064 5719 Stobbe
1088 5664 1106 5720 l.
1131 5682 1153 5720 c.
1174 5683 1207 5737 p.
1227 5662 1289 5718 216
1303 5683 1363 5738 sqq.

173 5781 216 5824 hh
231 5779 290 5824 aest
304 5782 323 5824 1.
351 5781 370 5824 1.
1541 5785 1556 5834 2
