4448 6226
659 426 739 481 nnx
761 424 1066 483 vrsrcornonnu
1088 425 1155 496 ΧΠ,
1174 425 1203 494 a,
1222 425 1317 482 o-s.
1751 419 1815 482 435

166 621 252 692 Bru}
281 613 498 678 Pentecosten
522 635 580 678 seu
603 613 702 678 etiam
725 624 955 678 concurrentes
978 635 1038 700 per
1060 623 1162 678 totum
1192 636 1312 678 annum
1342 612 1412 678 dies
1443 612 1632 695 dominicos,
1663 611 1817 698 religiosa
1833 620 1986 692 Χ11,5,6.

165 719 286 786 Christi
308 719 373 784 fide
396 717 600 784 venerabiles
624 718 704 784 dies.

165 978 253 1050 nm]
569 978 634 1034 vu.
673 977 841 1035 nunnus
866 975 1086 1034 onomosus
1110 977 1293 1035 seuerus
1317 978 1408 1033 nnn.
1834 941 1984 1048 niuei.

553 1092 609 1158 Ne
640 1092 760 1158 Iudai
791 1116 900 1160 more
930 1117 1001 1159 suo
1026 1093 1267 1158 diiudicent
1297 1115 1426 1159 escas.

134 1243 147 1283 s
271 1218 378 1284 Illud1
415 1240 511 1300 sane,
558 1217 646 1304 quod
684 1217 860 1283 Iudeorum
898 1215 1098 1283 detestabilis
1138 1219 1359 1300 conversatio,
1405 1217 1541 1283 Iudaica
1587 1219 1814 1305 superstitione

165 1326 326 1413 pollutior,
349 1324 487 1390 mundas
511 1323 553 1389 ab
577 1323 741 1390 inmundis
772 1324 955 1390 diiudicens
986 1346 1088 1406 escas,
1120 1323 1210 1389 aliud
1239 1323 1389 1407 adsumit,
1420 1323 1510 1389 aliud
1539 1325 1642 1406 reicit,
1673 1325 1707 1390 in
1738 1347 1815 1412 quo·

166 1454 304 1520 cumque
335 1433 431 1498 huius
462 1430 669 1497 observantie
704 1432 856 1496 inventus
886 1417 983 1496 fuerit
1018 1453 1124 1512 error,
1159 1430 1193 1496 id
1224 1441 1289 1513 est,
1321 1441 1356 1496 ut
1385 1431 1479 1496 aliter
1508 1430 1542 1496 id
1572 1430 1686 1514 faciat,
1719 1455 1816 1519 quam

165 1540 302 1604 honesta
336 1539 503 1604 christiani
537 1539 636 1603 moris
672 1549 721 1602 est
755 1537 972 1620 consuetudo,
1007 1547 1084 1602 tunc
1114 1537 1232 1603 iudicis
1263 1539 1433 1620 instantia,
1469 1538 1503 1601 in
1533 1538 1625 1602 cuius
1655 1539 1815 1604 territorio

166 1657 273 1711 actum
298 1646 451 1729 extiterit,
475 1646 612 1732 turpiter
635 1644 825 1710 decalvetur
848 1656 880 1710 et
904 1646 1049 1710 centenis
1072 1643 1266 1710 verberibus
1289 1644 1434 1709 feriatur.
1488 1645 1595 1709 Huius
1626 1667 1704 1710 sane
1734 1644 1816 1732 legis

122 1778 147 1817 10
166 1752 351 1818 omnimoda
376 1753 596 1839 preceptionis
626 1752 806 1838 integritas,
838 1754 922 1818 siout
952 1751 992 1816 de
1023 1753 1117 1834 escis,
1148 1753 1194 1816 ite
1224 1761 1257 1816 et
1288 1751 1328 1816 de
1358 1751 1483 1838 poculis
1514 1749 1721 1817 observanda
1750 1763 1816 1836 est3

166 1859 291 1925 scilicet
313 1870 349 1925 ut
372 1859 547 1946 superioris
570 1860 694 1924 iacture
718 1858 912 1945 supplicium
936 1857 1034 1923 simili
1057 1880 1186 1945 quoque
1211 1858 1323 1923 ordine
1348 1870 1381 1923 et
1410 1857 1467 1939 illi,
1498 1859 1555 1945 qui
1584 1881 1604 1922 a
1634 1858 1817 1924 christianis

165 1965 290 2054 poculis
321 1989 355 2030 se
387 1964 551 2030 abstinere
580 1967 846 2052 presumpserint,
878 1965 1052 2052 patiantur.
1109 1965 1163 2030 De
1194 1966 1277 2030 escis
1308 1976 1428 2048 tamen,
1459 1964 1494 2030 id
1524 1976 1573 2030 est
1604 1965 1643 2030 de
1674 1967 1816 2052 porcinis

166 2083 290 2138 tantum
320 2072 483 2155 carnibus,
510 2071 545 2136 id
568 2071 711 2137 discreta
740 2094 801 2137 nec
831 2074 966 2136 remissa
996 2073 1116 2158 pietate
1148 2071 1363 2156 decernimus,
1394 2083 1431 2138 ut
1456 2073 1652 2158 quicumque
1683 2095 1725 2137 ex
1755 2072 1817 2138 illis

167 2180 206 2244 de
235 2179 336 2244 suillis
364 2180 475 2244 forsan
505 2177 657 2243 carnibus
688 2180 777 2244 vesci
807 2180 935 2266 penitus
966 2176 1217 2262 abhorrescunt,
1248 2179 1276 2244 si
1305 2178 1387 2244 forte
1418 2190 1534 2245 natura
1564 2179 1598 2244 id
1627 2179 1816 2245 fastidiente

121 2309 147 2351 rs
166 2287 340 2374 refugiunt,
365 2297 398 2351 et
420 2309 486 2351 non
508 2308 597 2351 more
621 2284 674 2349 illo
698 2287 922 2372 perversitatis
945 2285 1007 2350 hoc
1030 2285 1138 2372 ipsum
1161 2283 1378 2350 diiudicantes
1402 2295 1621 2369 contemnunt,
1645 2287 1817 2374 presertim

167 2395 194 2458 si
227 2395 261 2459 in
296 2394 412 2458 ceteris
448 2391 600 2480 operibus
636 2392 819 2457 christianis
855 2392 974 2458 similes
1009 2391 1201 2476 habeantur,
1241 2402 1273 2458 et
1308 2392 1551 2458 christianitatis
1589 2391 1631 2457 nb
1667 2394 1714 2458 eis
1752 2416 1817 2459 non

167 2500 305 2566 defuerit
339 2510 451 2564 votnm
481 2510 578 2586 atque
610 2499 794 2564 omnimode
824 2500 1021 2585 operationis
1052 2499 1212 2580 studium,
1243 2509 1319 2564 tunc
1349 2499 1395 2563 bii
1425 2498 1523 2582 tales,
1555 2501 1611 2586 qui
1640 2498 1753 2565 fideles
1783 2501 1817 2563 in

166 2607 299 2693 reliquis
323 2605 624 2672 conversationibus
654 2605 885 2693 approbantur,
915 2629 974 2692 pro
1007 2606 1067 2671 hae
1098 2605 1167 2670 sola
1196 2607 1371 2671 reiectione
1401 2604 1567 2671 suillarum
1598 2607 1745 2672 carnium
1775 2606 1817 2671 ad

166 2715 324 2779 iacturam
359 2713 441 2800 legis
475 2714 624 2800 superius
660 2712 916 2800 conprehensam
950 2714 1054 2777 teneri
1092 2735 1158 2777 non
1198 2723 1360 2800 poterunt·
1427 2712 1513 2793 Quia
1553 2712 1649 2779 valde
1688 2712 1818 2778 videtur

121 2821 302 2908 aequitati
340 2821 554 2903 contrarium,
593 2829 629 2884 ut
666 2841 747 2907 quos
786 2820 957 2884 manifesta
996 2842 1130 2907 operum
1167 2819 1288 2885 Christi
1326 2817 1475 2885 nobilitat
1512 2819 1611 2902 fides,
1650 2843 1709 2907 pro
1749 2819 1818 2885 sola

166 2928 341 2992 reiectione
366 2928 461 2992 unius
486 2925 551 2991 cibi
574 2936 746 2991 teneantur
768 2924 937 2990 notabiles.

167 3186 254 3257 rau]
566 3185 645 3240 vm.
684 3183 853 3242 suanus
878 3183 1098 3242 enonrosus
1122 3184 1306 3243 nnvncrus
1330 3185 1420 3241 anx.
1836 3184 1987 3256 arnas.

166 3302 222 3370 Ne
246 3301 367 3366 Indoi
398 3323 447 3366 ex
477 3301 798 3388 propinquitate
829 3301 891 3365 sui
922 3302 1143 3388 sanguinis
1175 3300 1355 3366 conubia
1385 3301 1555 3383 ducant,
1587 3310 1626 3366 et
1655 3311 1697 3368 ut
1727 3303 1816 3366 sine

451 3407 751 3473 benedictione
782 3407 1019 3473 sacerdotis
1049 3406 1205 3472 nubere
1236 3431 1315 3473 non
1344 3407 1537 3473 audeant.

122 3562 148 3602 as
273 3532 384 3598 Nulli*
406 3531 581 3598 Iudeorum
605 3533 639 3596 in
661 3540 799 3618 utroque
824 3554 906 3596 sexu
929 3533 1144 3618 permittimus
1168 3555 1210 3596 ex
1233 3533 1475 3618 propinquitate
1499 3534 1550 3597 sui
1574 3533 1741 3619 sanguinis
1765 3532 1817 3596 vel

167 3642 277 3708 uxoris
302 3663 359 3704 sue
383 3651 480 3727 atque
509 3640 607 3704 etiam
630 3640 773 3703 virorum
802 3640 896 3704 iuxta
924 3639 1041 3725 legem,
1072 3661 1135 3726 que
1165 3641 1199 3702 in
1226 3639 1410 3704 christianis
1435 3650 1485 3705 est
1513 3639 1610 3722 lata⁸,
1641 3660 1744 3726 usquc
1775 3638 1818 3704 ad

167 3749 251 3814 sexti
274 3749 403 3833 generis
428 3745 565 3833 gradum
589 3743 729 3810 conubis
752 3745 872 3810 ducere
895 3744 948 3810 vel
973 3746 1087 3810 incesti
1115 3745 1275 3811 maculam
1301 3747 1438 3833 operari.
1485 3746 1590 3811 Huius
1621 3747 1721 3833 igitur
1742 3745 1817 3810 fede

273 4002 336 4060 xn,
356 4003 381 4061 3,
401 4003 425 4052 6.
470 4002 486 4051 l.
509 4004 531 4051 1.
557 4007 747 4068 percurrentes
767 3999 842 4051 710.
893 4017 941 4066 per
958 3999 1025 4052 deest
1043 3999 1105 4050 El.
1155 4007 1213 4052 toto
1237 4016 1308 4051 anno
1332 3999 1399 4054 itu.
1449 3995 1610 4064 dominicos]
1636 4002 1765 4051 dominici
1791 4009 1818 4052 et

168 4091 239 4142 Mad.
271 4090 280 4153 l]
312 4092 329 4142 l.
349 4093 373 4141 2.
402 4091 460 4141 dies
478 4089 545 4140 deest
562 4089 631 4140 rtet.

122 4213 149 4253 to
273 4199 336 4258 xil,
357 4201 381 4258 3,
397 4199 421 4248 7.
461 4197 538 4248 Codd.
558 4196 620 4247 Ε1.
640 4197 697 4247 71.
717 4198 741 4247 5.
762 4199 786 4246 s.
806 4200 830 4247 8.
852 4201 892 4248 10.
914 4193 982 4260 (11).
1009 4221 1042 4230 ·-
1067 4197 1084 4246 l.
1102 4199 1126 4246 8.
1152 4198 1207 4247 FL.
1226 4222 1261 4230 —
1279 4196 1351 4246 REX
1370 4196 1420 4247 des.
1441 4197 1497 4246 71.
1523 4195 1532 4258 ΙΙ
1558 4197 1613 4248 lb.
1636 4193 1815 4261 detestabilis]

167 4289 316 4339 detestatur
335 4287 406 4337 Mad.
462 4287 670 4352 supprestitions
691 4285 752 4337 Ε1.
785 4284 794 4346 ΙΙ
826 4287 842 4336 l.
863 4288 887 4336 6.
916 4280 1081 4350 diiudicent]
1101 4286 1251 4336 diiudicant
1271 4285 1327 4335 71.
1348 4287 1371 4336 6.
1392 4287 1422 4346 8;
1442 4285 1567 4336 indicens
1587 4284 1650 4337 Ε1.
1705 4287 1733 4336 iu
1752 4303 1817 4353 qno-

167 4371 295 4444 cumque]
313 4379 341 4426 in
360 4390 530 4441 quacumque
551 4375 607 4424 76,
628 4373 713 4436 ltus.‚·
732 4375 911 4440 Quocumque
931 4377 959 4424 in
978 4373 1049 4424 Mad.
1082 4373 1091 4438 l]
1123 4375 1139 4424 l.
1156 4376 1179 4425 i.
1209 4374 1383 4425 observantia
1402 4373 1487 4435 Piu.,·
1512 4375 1738 4426 observacionem
1762 4375 1817 4426 76.

168 4481 257 4516 errore
277 4463 349 4516 Mad.
376 4464 384 4526 l]
410 4465 427 4515 l.
442 4466 465 4514 8.
486 4465 625 4514 territurio
645 4463 707 4514 Ε1.
734 4461 743 4523 ΙΙ
769 4464 841 4514 t10.
861 4465 1015 4514 omnimode
1035 4463 1106 4514 Mod.
1147 4463 1253 4530 poculis
1274 4488 1307 4496 -
1327 4464 1480 4514 christianis
1498 4463 1549 4514 des.
1568 4463 1625 4513 76.
1651 4461 1660 4522 Η
1686 4465 1703 4514 l.
1719 4466 1759 4514 11.
1778 4459 1818 4528 ut]

167 4571 228 4605 cum
254 4555 278 4604 V
294 4556 316 4604 1.
343 4555 367 4604 8.
424 4547 597 4619 supplicium]
624 4551 760 4619 supplicio
786 4553 810 4602 V
826 4554 856 4613 13
882 4551 1046 4618 supplicium
1072 4553 1192 4620 perferat
1215 4552 1283 4603 Ha.
1338 4546 1389 4616 illi]
1415 4552 1470 4603 illis
1496 4551 1524 4602 E
1542 4555 1564 4602 1.
1624 4569 1641 4602 a
1665 4553 1732 4604 deest
1756 4553 1780 4602 V
1796 4556 1818 4603 1.

122 4657 149 4697 to
168 4644 375 4695 christianorum
400 4639 472 4692 Mad.
505 4641 514 4702 ΙΙ
545 4643 562 4693 1.
584 4643 624 4691 12.
653 4641 680 4691 id
701 4648 741 4692 ast
759 4641 809 4692 des.
830 4641 892 4702 76;
920 4643 946 4692 id
974 4649 1016 4693 est
1042 4643 1075 4692 de
1100 4641 1150 4692 des.
1176 4639 1248 4691 Mad.
1280 4639 1289 4701 l]
1321 4642 1338 4692 l.
1360 4643 1400 4692 13.
1430 4659 1463 4692 ex
1481 4641 1522 4692 illi
1541 4640 1603 4692 Ε1.
1636 4640 1644 4702 Η
1676 4643 1693 4692 ἶ.
1714 4644 1755 4693 14.
1784 4644 1818 4692 de

168 4732 254 4783 suillis
273 4733 366 4782 forsan
384 4731 434 4782 des.
456 4731 526 4781 Mad.
564 4725 665 4793 forsan]
687 4731 802 4781 forsitan
822 4730 879 4780 Vl.
899 4732 923 4781 6.
943 4733 967 4781 8.
1005 4732 1180 4781 aborroscant
1200 4730 1263 4792 71;
1282 4732 1461 4782 aborresonnt
1480 4730 1536 4781 76.
1557 4732 1581 4781 8.
1619 4731 1646 4780 id
1665 4731 1731 4782 deest
1749 4731 1817 4782 PitJt.

168 4823 323 4874 fastidiente
344 4820 413 4871 Htt.
431 4817 503 4871 Mod.
535 4817 544 4880 l]
576 4820 592 4871 l.
615 4821 656 4870 15.
684 4820 822 4885 refugiant
842 4819 899 4870 71.
919 4821 949 4880 8;
974 4821 1083 4886 fugiunt
1102 4820 1173 4870 iliud.
1223 4825 1398 4873 contemnant
1417 4820 1474 4870 71.
1506 4817 1515 4879 ΙΙ
1546 4819 1563 4870 ἱ.
1585 4821 1626 4870 16.
1655 4820 1737 4872 simili
1756 4819 1784 4870 Ε
1796 4824 1818 4871 1.

168 4904 217 4976 cis]
238 4912 339 4962 eisdem
359 4909 388 4960 E
400 4912 423 4960 1.
448 4907 457 4968 ll
483 4911 500 4960 l.
515 4910 556 4960 17.
579 4902 743 4973 omnimode]
764 4908 919 4958 omnimoda
938 4908 996 4959 71.
1016 4911 1047 4971 8;
1065 4909 1132 4960 deest
1150 4906 1221 4958 Mad.
1280 4904 1456 4975 operationis]
1480 4925 1564 4976 opera
1587 4908 1621 4958 sb
1641 4911 1680 4959 eis
1701 4926 1755 4960 non
1774 4911 1819 4960 de-

167 5000 268 5051 fuerint
288 5001 403 5052 octionis
423 5000 481 5050 71.
498 5001 522 5049 8.
578 4999 667 5048 studio
687 4998 744 5048 71.
761 4999 785 5048 6.
812 4995 820 5056 Η
847 4999 863 5048 1.
885 4999 925 5048 18.
945 4993 1094 5062 suillarum]
1113 4997 1243 5048 silvarum
1269 4997 1293 5046 V
1310 5000 1332 5048 1.
1353 4999 1377 5048 6.
1409 4994 1418 5056 ΙΙ
1449 4997 1466 5048 l.
1489 4999 1528 5048 19.
1550 4992 1626 5064 legis]
1645 4999 1736 5065 ingnis
1757 4997 1819 5048 El.

122 5103 150 5142 ιο
167 5091 285 5155 poterint
305 5089 363 5140 71.
382 5091 405 5138 8.
461 5087 542 5139 valde
565 5087 631 5138 deest
654 5086 725 5138 Mad.
761 5085 770 5148 ΙΙ
806 5087 823 5137 l.
843 5089 885 5137 21.
917 5081 1075 5150 reiectione]
1097 5087 1243 5138 refectione
1263 5086 1325 5138 Ε1.
1381 5081 1445 5148 cibi]
1473 5091 1577 5138 tanturn
1602 5086 1662 5138 odd.
1690 5087 1758 5148 76;
1785 5089 1820 5138 ad

168 5195 283 5245 poenam
301 5178 362 5230 odd.
381 5178 453 5228 Mod.
1488 5171 1498 5194 ⁹

274 5285 338 5346 XII,
357 5287 381 5343 ³,
402 5287 426 5334 8.
466 5283 543 5334 Oodd.
563 5283 625 5334 Ε1.
646 5282 702 5333 71.
722 5285 746 5333 5.
767 5285 791 5332 6.
811 5285 836 5332 8.
858 5279 969 5344 (9).10.
992 5279 1045 5343 (16.
1067 5284 1107 5334 11.
1127 5280 1184 5344 20).
1204 5283 1330 5334 -1.23.
1351 5289 1381 5334 ut
1398 5283 1464 5334 deest
1482 5282 1554 5334 Mad.
1580 5281 1588 5342 l]
1618 5284 1635 5334 l.
1652 5284 1694 5334 24.
1717 5283 1820 5334 sudent

168 5371 230 5424 Ε1.
262 5373 272 5436 l]
303 5374 320 5424 l.
340 5376 383 5426 25,
407 5372 449 5425 vel
469 5374 560 5424 uxoris
579 5366 639 5436 sus]
659 5372 702 5423 vel
722 5373 814 5422 uxoris
833 5373 874 5422 sui
894 5370 963 5432 Ε1;
989 5373 1017 5421 in
1040 5387 1155 5422 uxorum
1174 5371 1198 5420 V
1208 5375 1230 5422 1.
1251 5375 1275 5422 8.
1307 5371 1317 5434 ΙΙ
1348 5373 1365 5423 l.
1385 5373 1426 5424 27.
1456 5367 1537 5436 senti]
1556 5373 1593 5422 ito
1612 5371 1819 5433 161781ος

168 5471 273 5514 sextum
298 5471 353 5516 cett.
408 5456 516 5526 incesti]
536 5463 633 5512 incerti
653 5460 680 5511 Ε
693 5463 722 5523 l;
748 5463 882 5512 incestum
907 5461 930 5508 V
942 5461 966 5510 6.
989 5459 1056 5510 Ru.
1112 5459 1220 5512 macule
1238 5460 1300 5512 Ε1.
1321 5461 1377 5512 76.
1397 5463 1422 5513 8.
1442 5460 1509 5512 Ru.
1565 5477 1679 5527 operare
1705 5461 1729 5510 V
1743 5461 1768 5511 6.
1794 5463 1818 5510 8.

121 5565 150 5604 ss
168 5546 240 5616 fede]
263 5549 306 5614 (=
327 5548 437 5612 foedae)
458 5550 538 5602 fldem
557 5551 621 5612 76;
640 5551 732 5601 fedare
753 5550 810 5600 Vl.
831 5551 855 5599 6.

278 5787 307 5858 1)
334 5785 382 5861 cs.
408 5786 478 5858 nn,
505 5786 534 5858 2,
560 5787 589 5844 s.
683 5786 713 5856 a)
740 5785 789 5859 cf.
816 5785 885 5856 rii,
910 5785 940 5856 a,
966 5785 995 5842 s.
1090 5785 1119 5856 s)
1149 5784 1204 5856 nr,
1231 5785 1260 5856 s,
1288 5788 1315 5842 1.
