4372 6254
522 314 675 369 CODlClS
703 314 901 370 lutulentus
927 313 1170 370 FRAGMENTA
1197 313 1382 368 est-336.

489 501 547 589 [rio
571 503 640 565 iure
666 501 851 584 succedant,
877 501 1019 590 quando]
1045 501 1150 565 nullus
1175 525 1276 588 usque

489 608 543 697 [ad
567 610 739 694 septimum
764 608 900 694 gradum
926 609 965 672 de
990 608 1193 698 propilnqnis
1218 621 1274 673 aut
1297 611 1365 695 qui-

490 714 702 803 [bnscumque
728 715 915 802 parentibus
941 716 1126 804 invelnitur.

421 892 664 982 [CCCXXXV.
712 893 863 976 Clerici1,
889 896 1016 959 monaci
1041 897 1091 961 oet
1112 893 1397 984 sanetilmoniales,
1430 897 1725 982 qni=tra1¹3s1a

488 998 602 1088 [usque
627 1001 669 1065 ad
693 1003 865 1087 septimum
889 1002 1027 1087 gradum
1050 1001 1127 1090 n]on
1151 1002 1342 1088 reliquerint

489 1106 636 1195 [heredes
657 1113 856 1195 propinquos
876 1110 1081 1198 parentalem,
1105 1114 1138 1175 sr'
1158 1109 1238 1174 nihil
1262 1109 1303 1174 de

489 1214 566 1302 [suis
591 1214 801 1280 facultatibus
825 1215 1070 1304 ordinaverlint,
1095 1214 1214 1306 qoam]
1240 1216 1328 1305 alibi]

489 1320 650 1409 [ecelesia
675 1324 727 1386 eui
752 1324 943 1406 servierunt,
969 1323 1093 1412 eor]um
1117 1323 1331 1388 substantiam

488 1427 702 1517 [vindicabit].

422 1605 682 1693 [cccxxxvi.
732 1609 779 1670 ῘΙῑι
804 1607 984 1674 hereditate
1015 1608 1109 1692 illius,
1141 1612 1196 1695 qui
1228 1609 1375 1697 rnloritur
1405 1611 1711 1675 inte-=L.Vt=.11'‚2.2.

489 1713 612 1801 [statua
637 1716 664 1777 si
688 1714 745 1777 filii
770 1714 909 1804 desuntl,
934 1715 1106 1802 nepotibus
1131 1716 1227 1780 debe-

488 1820 552 1908 [tur
573 1821 746 1886 hereditas.
795 1823 830 1887 Si
854 1845 914 1886 nec
939 1823 1084 1912 nepotes]
1110 1824 1240 1906 fuerint,

489 1927 695 2016 [pronepotes
720 1939 879 1994 vocantur
902 1929 944 1993 ad
968 1930 1205 2019 berleditatem.

489 2034 638 2124 [sivero
663 2038 718 2123 qni
743 2039 877 2101 moritur
900 2035 974 2124 aleo
997 2037 1080 2101 filios
1104 2060 1164 2101 nec
1189 2060 1286 2122 nepo-

489 2142 548 2232 [tes
572 2169 626 2209 nec
644 2160 832 2232 pronepotes
856 2143 1045 2232 reliqueritl,
1070 2156 1162 2230 pater
1186 2156 1241 2208 aut
1265 2155 1368 2208 mater

489 2250 712 2338 [hereditatem
738 2249 800 2314 sibi
824 2251 1025 2315 vindicabitl.
1076 2251 1127 2318 [Si
1153 2251 1325 2340 personale
1357 2251 1483 2332 desunt,
1499 2267 1711 2317 :ararent

489 2356 583 2445 [quae
608 2370 663 2422 aut
688 2358 727 2422 de
752 2359 908 2444 superiori
934 2370 989 2424 aut
1014 2359 1053 2422 dc
1078 2359 1223 2424 inferiori
1247 2358 1313 2446 ge]-

489 2463 577 2552 [nere
602 2465 742 2536 discreto
767 2464 879 2530 ordine
903 2468 1047 2548 veniunt,
1074 2477 1150 2530 tnnc
1174 2465 1259 2554 illae]

491 2571 671 2659 [personata
697 2596 780 2659 quae
805 2584 921 2636 sunta
945 2573 1044 2636 latere
1070 2572 1287 2661 constituted,

82 2711 109 2747 eo
155 2679 157 2682 ’
490 2679 716 2768 [requirnntun
741 2691 776 2744 ut
798 2680 1012 2744 hereditatem
1038 2680 1235 2769 accipiantll.

128 2837 336 2844 -.-.-...,...-......
355 2837 530 2845 ——r-n--n---
549 2837 595 2841 .-Α.-
622 2837 636 2842 ...
668 2838 684 2841 ...
709 2837 737 2840 -Α-
778 2837 858 2842 ..-.-.
885 2837 890 2840 -
951 2837 1240 2843 ..-—--.--—.——.
1268 2837 1620 2844 ......—-—.-—-——-—

129 2927 242 2996 quaudo
266 2925 345 2981 nulla
369 2923 506 3002 adfinitas
528 2942 617 2994 usque
643 2925 677 2978 ad
702 2925 853 2993 septimum
877 2925 994 2995 gradum
1019 2925 1055 2978 de
1079 2925 1245 2995 propinquis
1271 2943 1363 2978 eorum
1388 2925 1432 2979 nel
1459 2924 1627 2994 parentibus
1658 2920 1782 2977 inveniri

125 3033 239 3108 perierit.
289 3029 336 3104 Cf.
364 3032 398 3087 L.
425 3031 490 3088 Boi.
520 3031 568 3100 15,
597 3031 652 3086 10.-
686 3073 692 3086 .
720 3073 725 3084 .
753 3073 759 3084 .
786 3038 815 3085 ct
838 3030 932 3085 nullus
956 3050 1046 3102 usque
1075 3032 1111 3084 ed
1142 3033 1292 3102 septimum
1323 3033 1439 3100 gradum
1471 3033 1506 3086 de
1538 3031 1702 3101 propinquis
1732 3036 1780 3083 aut

131 3140 355 3210 quibuscumque
379 3140 545 3211 parentibus
569 3140 712 3193 invenitur
739 3180 744 3192 .
772 3181 778 3192 .
806 3181 811 3191 .

238 3317 435 3373 CCCXXXV.
491 3319 523 3373 L.
554 3317 608 3373 Vis.
639 3318 693 3382 IV,
721 3317 748 3382 2,
778 3317 834 3371 12.-
866 3317 969 3372 Clerici
993 3318 1038 3371 rel
1064 3319 1170 3372 monaei
1195 3319 1253 3371 sire
1279 3318 1516 3384 sanctimoniales,
1549 3319 1596 3388 qui
1624 3335 1713 3388 usque
1745 3317 1780 3370 ad

84 3448 110 3485 sa
130 3427 279 3497 septimum
303 3428 419 3497 gradum
443 3445 498 3480 riou
523 3426 710 3496 relinquerint
735 3426 857 3480 heredes
882 3432 907 3480 et
928 3425 968 3480 sic
991 3424 1158 3492 rrrorr'nntnr,
1184 3433 1213 3478 nt
1227 3425 1296 3478 nihil
1313 3427 1349 3479 de
1366 3427 1423 3478 suis
1439 3425 1622 3479 facultatibus
1639 3425 1781 3488 ordinent,

131 3517 253 3590 eeclesia
275 3535 339 3601 sibi,
363 3535 408 3588 eui
431 3535 602 3600 servierunt,
627 3551 721 3588 eorum
747 3534 933 3587 substantiam
958 3534 1121 3587 vindicabit.

238 3711 451 3767 cccxxxi-¹1.
500 3713 534 3767 L.
561 3713 616 3767 Vis.
642 3713 695 3778 11⁷,
715 3712 742 3782 2,
762 3712 797 3766 2.·
823 3713 854 3766 In
878 3713 1040 3768 hereditate
1066 3712 1150 3779 illius,
1176 3712 1223 3782 qui
1248 3713 1373 3778 moritur,
1398 3714 1420 3766 si
1438 3713 1590 3766 intestatus
1607 3712 1793 3778 discesseras

130 3819 180 3874 filii
203 3821 283 3892 primi
308 3829 384 3874 suut.
432 3819 461 3874 Si
486 3820 534 3874 lilii
559 3823 674 3888 desunt,
699 3821 851 3891 nepotibus
875 3821 1000 3875 debetur
1023 3819 1180 3873 hereditas.
1220 3818 1249 3872 Si
1265 3837 1318 3873 nec
1336 3827 1456 3890 nepotes
1472 3819 1589 3882 fuerint,
1609 3825 1783 3890 pronepotes

131 3929 167 3982 ad
191 3928 381 3982 hereditatem
406 3935 551 3983 vocantur.
600 3927 628 3982 si
653 3947 720 3982 vcro
746 3929 793 3998 qui
817 3929 934 3982 moritur
957 3945 1009 3981 nce
1035 3926 1106 3982 lilios
1131 3945 1183 3981 neo
1215 3935 1335 3997 nepotes
1366 3945 1416 3982 eeu
1448 3935 1558 3998 patrem
1589 3926 1635 3980 vel
1666 3933 1783 3981 matrem

85 4056 112 4092 so
131 4035 283 4106 relinquid,
308 4043 375 4089 tunc
400 4054 467 4089 arus
491 4044 540 4089 aut
564 4036 627 4090 arria
650 4035 840 4089 hereditatem
865 4035 977 4089 sibimet
1001 4035 1165 4088 vindicabit.
1198 4065 1238 4070 -
1272 4032 1325 4100 IV,
1352 4033 1381 4098 2,
1408 4034 1444 4088 3.·
1476 4033 1595 4098 Quando
1620 4034 1782 4104 supradicte

132 4159 252 4212 persone
277 4143 390 4210 desunt,
417 4161 471 4214 qne
497 4151 544 4197 aut
569 4144 604 4196 de
629 4143 767 4214 superiori
793 4151 841 4196 etc.

239 4371 434 4421 cccxxxvi.
473 4373 489 4420 l.
512 4373 551 4420 lli.
579 4367 686 4433 desunt]
706 4371 749 4420 hoc
768 4371 837 4420 trerbo
856 4371 993 4434 aepliciunt
1006 4371 1162 4436 jiupnreatu.

132 4556 296 4609 matrimonii
321 4573 536 4626 praeponamus.
586 4554 727 4628 hesepe:
754 4596 759 4608 .
786 4593 794 4609 .
821 4597 826 4607 .
852 4572 948 4608 ornnes
974 4555 1123 4624 propinqui
1147 4571 1260 4608 uxorem
1286 4555 1320 4608 ab
1345 4555 1474 4608 intestati
1498 4554 1590 4608 mariti
1607 4555 1784 4608 successione

133 4663 301 4732 prohibeant
329 4671 359 4716 ct
389 4664 517 4716 maritum
547 4662 676 4715 similiter
707 4681 722 4716 a
755 4663 934 4716 successione
967 4663 1122 4716 intestatae
1154 4663 1245 4715 uxoris
1277 4661 1438 4714 excludant.
1493 4659 1551 4714 Sed
1582 4661 1604 4714 si
1635 4661 1784 4731 propinqui

87 4787 113 4825 as
133 4772 242 4824 omnino
266 4771 421 4836 defuerint,
446 4779 513 4824 tune
538 4771 590 4824 sibi
615 4770 734 4824 inrieem
760 4769 872 4822 excluso
897 4769 964 4822 tiseo
988 4771 1104 4824 ruaritus
1128 4773 1173 4823 rel
1198 4787 1266 4823 uxor
1290 4770 1455 4823 succedant.
1505 4765 1553 4840 Cf.
1578 4787 1651 4844 qune
1675 4769 1708 4823 de
1736 4767 1786 4823 hoc

133 4877 224 4951 cupite
247 4877 367 4934 (lisserni
389 4877 438 4932 ‘N.
463 4877 561 4933 Arcln'
587 4877 700 4946 XXVI,
727 4897 760 4950 p.
790 4875 847 4930 let
867 4895 908 4952 sq.
1019 4876 1047 4944 l)
1074 4872 1122 4945 Cf.
1149 4873 1217 4933 ted.
1245 4875 1347 4932 Tbcod.
1377 4875 1406 4945 V,
1434 4875 1462 4946 3,
1491 4875 1525 4931 l:
1556 4875 1585 4930 si
1616 4877 1678 4946 quis
1712 4917 1717 4928 .
1745 4916 1750 4930 .
1779 4918 1784 4928 .

133 4984 251 5039 clericus
275 4993 324 5040 aut
354 4986 505 5041 monachus
536 4993 584 5041 aut
615 4985 724 5050 mulier,
758 5003 830 5055 equae
862 4984 1004 5039 solitariae
1036 4984 1111 5038 ritae
1143 4984 1243 5038 dedita
1273 4992 1327 5050 est,
1358 4984 1436 5038 nullo
1467 4984 1581 5038 condito
1611 4991 1785 5038 testamento

133 5093 300 5160 rleeesserit‚
324 5111 377 5148 nee
402 5095 427 5148 ei
456 5103 590 5164 parentes
618 5135 623 5146 .
651 5135 657 5146 .
685 5135 690 5146 .
717 5092 763 5146 rel
792 5092 875 5147 liberi
905 5092 951 5145 rel
983 5092 1005 5144 si
1037 5092 1084 5160 qui
1115 5091 1272 5161 agnat-ionis
1303 5092 1512 5162 eoguationisre
1546 5092 1605 5146 inre
1629 5092 1785 5162 iunguntur

133 5200 178 5252 rel
202 5219 270 5255 uxor
293 5201 445 5262 exstiterit,
469 5202 553 5268 bona,
578 5219 650 5271 (pirae
676 5201 710 5254 ad
736 5219 799 5255 eum
827 5200 1026 5269 pertinuerint,
1059 5205 1254 5252 sacrosanctae
1288 5198 1426 5253 eeclesiae
1458 5201 1503 5252 rel
1535 5199 1716 5264 monasterio,
1741 5201 1785 5252 cui

87 5325 114 5362 so
133 5307 226 5361 fuerat·
250 5308 420 5374 destinatus,
453 5309 626 5362 omnifariam
655 5309 806 5363 arctentur.
862 5306 1006 5380 Interpr.:
1038 5307 1065 5360 Si
1092 5307 1153 5376 quis
1185 5308 1334 5377 episeopus
1367 5306 1411 5360 rel
1442 5325 1511 5376 (pros
1543 5306 1587 5359 lex
1619 5307 1680 5376 ipsa
1711 5325 1785 5360 eorn-

134 5424 267 5469 nrcnrorat
292 5423 341 5469 aut
366 5416 487 5486 quilibet
510 5416 633 5488 religiosi
659 5416 703 5468 rel
729 5416 877 5484 religiosae
907 5415 1034 5468 intestati
1066 5417 1125 5467 siue
1157 5414 1231 5482 liliis,
1263 5415 1428 5484 propinquis
1460 5414 1504 5468 rel
1536 5432 1621 5468 uxore
1653 5415 1786 5468 ‹lt-cesse-

133 5522 188 5574 n'nt
215 5563 220 5575 .
248 5563 254 5576 .
282 5564 299 5588 .,
326 5523 459 5594 quicquid
484 5524 690 5593 dereliquerint
714 5525 749 5576 ad
775 5523 909 5575 melesius
935 5522 979 5575 rel
1005 5522 1183 5582 mouasteria,
1210 5523 1311 5591 quilius
1336 5522 1463 5576 obsecuti
1482 5523 1598 5586 fuerint,
1618 5522 1786 5592 pertinebit.

136 5625 184 5698 Cf.
211 5628 267 5684 Ed.
295 5629 459 5685 Theoderici
482 5649 505 5685 c.
532 5629 582 5684 26.

800 5765 1116 5773 --.-..---.--.-..ιΙ
