4454 6232
412 367 476 430 364
511 393 514 399 ·
936 373 1016 428 LEX
1040 371 1342 428 VISIGOTHORUM
1364 371 1418 438 IX,
1439 371 1466 440 l,
1486 369 1538 426 21.

241 568 294 638 ΙΧ,
308 567 336 638 1,
347 566 394 623 at.
412 568 502 639 Noa]
575 560 701 642 civitas,
727 558 904 641 castellum,
928 559 1020 622 vicus
1044 569 1100 622 aut
1123 557 1201 622 villa
1223 557 1276 622 vel
1300 557 1524 640 diversorium,
1555 559 1590 621 in
1620 557 1738 645 quibus
1769 559 1934 645 mancipia
1965 557 2066 623 latere

573 667 706 731 minime
732 665 974 750 dignoscantur.
1013 664 1109 730 Unde
1132 675 1300 729 reservata
1323 666 1493 730 anterioris
1516 664 1599 750 legis
1622 664 1708 730 illins
1732 667 1911 748 sanctione,
1937 688 2002 751 que
2027 665 2066 729 de

573 774 718 860 fugitivis
752 785 801 837 est
830 773 1066 858 promulgatal,
1096 771 1191 836 huius
1221 770 1348 836 novelle
1379 772 1617 836 constitutionis
1646 771 1777 836 decreto
1808 794 1990 854 censemus,
2022 785 2067 854 ut,

574 881 771 967 quicumque
801 879 957 966 deinceps
987 878 1159 964 fugitivum
1190 876 1322 943 alterius
1353 880 1549 965 susceperit,
1581 901 1779 966 quamquam
1810 901 1844 944 se
1875 878 1965 944 dicat
1995 901 2068 944 esse

572 988 767 1072 ingenuum,
804 987 912 1051 statim
947 1009 1021 1051 eum
1051 996 1204 1072 procuret
1237 985 1435 1050 iudicialiter
1468 984 1723 1072 exquirendum,
1759 998 1810 1068 ut,
1846 997 1954 1051 utrum
1991 1009 2098 1051 veres

573 1094 734 1179 ingenuus
758 1117 801 1158 an
824 1093 967 1158 fortasse
986 1093 1027 1156 sit
1050 1115 1174 1174 servus,
1202 1092 1319 1156 iudicis
1342 1094 1497 1158 instantia
1519 1095 1742 1180 perquiratur;
1775 1093 1914 1180 qualiter
1938 1103 2069 1180 reperta

573 1201 711 1265 veritate
735 1223 849 1264 servus
873 1199 959 1264 idem
984 1199 1114 1264 domino
1137 1200 1269 1286 proprio
1292 1199 1494 1265 reformetur.
1543 1199 1692 1281 Quodsi
1715 1211 1900 1287 susceptum
1929 1201 2068 1286 quisque

574 1306 749 1393 fugitivum
772 1329 833 1372 nec
857 1306 957 1370 indici
981 1306 1219 1393 presentaverit
1241 1329 1302 1370 nec
1326 1316 1483 1393 prevento
1508 1306 1638 1372 domino
1666 1305 1862 1371 reddiderit:
1895 1308 1923 1370 si
1954 1329 2070 1370 servus

574 1414 672 1479 fuerit
694 1412 749 1478 vel
771 1413 918 1494 libertus,
941 1413 1095 1476 instantia
1118 1411 1235 1478 iudicis
1259 1425 1305 1477 01.
1327 1412 1457 1499 publice
1481 1412 1674 1478 verberibus
1697 1411 1882 1500 vapulabit3
1907 1415 1936 1476 si
1960 1423 2070 1477 autem

575 1523 746 1608 ingenuus,
772 1530 804 1584 et
828 1533 849 1583 c
872 1517 1009 1605 flagellis
1033 1520 1178 1584 coerceri
1201 1528 1234 1584 et
1256 1518 1372 1585 libram
1395 1521 1530 1607 insuper
1559 1522 1630 1584 auri
1658 1519 1844 1607 persolvere
1873 1542 1909 1584 se
1940 1521 2115 1584 noveritis

575 1628 705 1693 domino
730 1628 826 1693 servi.
868 1625 964 1707 Quod
988 1626 1015 1690 si
1039 1649 1104 1691 non
1128 1624 1287 1708 habuerit,
1311 1626 1398 1691 unde
1415 1637 1589 1714 componat
1605 1627 1689 1692 hanc
1706 1627 1881 1692 solidorum
1899 1649 2071 1708 summam,

575 1747 619 1798 cc
643 1732 845 1820 flagellorum
870 1735 953 1797 ictus
977 1733 1126 1818 accipiat.
1173 1731 1258 1796 Nam
1282 1743 1314 1797 et
1337 1734 1438 1798 ceteri
1460 1731 1660 1798 habitatores
1683 1733 1746 1799 loci
1769 1733 1854 1798 illius
1879 1755 1938 1798 seu
1962 1735 2072 1798 cuius·
2145 1775 2147 1778 -

575 1863 713 1928 cumque
737 1841 844 1926 gentis
867 1840 920 1904 vel
942 1841 1072 1925 generis
1100 1839 1257 1920 homines,
1290 1838 1507 1925 quorumlibet
1536 1842 1601 1905 sint
1631 1841 1727 1922 servi,
1758 1851 1824 1905 tam
1855 1840 2074 1905 ecclesiarum

576 1971 673 2036 quam
705 1949 803 2012 etiam
833 1947 904 2012 fisci
934 1947 1036 2012 nostri
1066 1945 1118 2010 vel
1148 1945 1352 2010 diversorum
1382 1968 1622 2032 possessorum,
1654 1946 1751 2011 simili
1781 1957 1876 2011 erunt
1905 1949 2073 2011 sententia

574 2054 723 2136 feriendi,
749 2056 776 2118 si
799 2053 971 2140 fugitivum
996 2053 1128 2117 alterius
1152 2075 1214 2118 nec
1237 2052 1441 2139 prodiderint
1463 2075 1525 2118 nec
1548 2052 1590 2118 de
1612 2055 1819 2140 possessione
1844 2075 1913 2136 sua,
1946 2055 1981 2116 in
2007 2076 2075 2139 qua
2096 2079 2121 2118 rs

575 2163 761 2242 latitaverit,
785 2162 864 2226 foris
888 2160 1083 2247 expulerint.
1131 2159 1198 2225 Sed
1221 2159 1281 2225 hec
1306 2159 1512 2226 observanda
1534 2159 1588 2225 vel
1611 2159 1754 2226 tenenda
1777 2160 1951 2242 sancimus,
1976 2171 2015 2224 ut
2039 2161 2074 2224 in

577 2267 836 2357 quibuscumque
867 2267 946 2332 locis
977 2268 1142 2353 mancipia
1172 2265 1365 2332 advenerint
1395 2267 1550 2352 fugitiva,
1582 2268 1691 2332 statim
1725 2289 1837 2332 omnes
1868 2265 2075 2331 habitatores

575 2375 718 2440 locorum
742 2376 886 2460 ipsorum
910 2384 1150 2460 congregentur
1173 2375 1207 2438 in
1229 2395 1339 2456 unum,
1364 2373 1504 2460 qualiter
1526 2375 1690 2460 mancipia
1712 2375 1785 2460 ipsa
1800 2374 1940 2460 fugitiva
1956 2363 2077 2438 vivida

574 2482 783 2567 indagatione
808 2482 1043 2568 perquirentes,
1068 2490 1125 2544 aut
1146 2503 1207 2566 per
1230 2481 1434 2566 questionum
1457 2489 1627 2563 tormenta,
1651 2491 1708 2546 aut
1729 2465 1787 2566 pr'o
1811 2479 1920 2566 penali
1945 2483 2076 2545 exami-

574 2590 716 2671 natione,
741 2589 833 2653 cuius
857 2589 921 2652 sint
944 2588 1030 2652 servi
1054 2587 1107 2651 vel
1130 2585 1257 2668 ancille,
1281 2596 1337 2650 aut
1361 2586 1491 2674 quando
1515 2586 1654 2652 dominis
1678 2588 1744 2652 suis
1768 2588 1921 2674 fugerint,
1946 2588 2003 2652 vel
2033 2588 2077 2653 de
2098 2617 2127 2655 so

576 2694 726 2784 qualibus
750 2694 830 2759 locis
854 2692 935 2758 inibi
958 2693 1161 2775 advenerint,
1186 2693 1372 2778 specialiter
1396 2693 1618 2777 manifestent3
1642 2705 1679 2759 nt
1702 2694 1879 2760 secundum
1896 2697 2077 2760 anterioris

575 2801 845 2888 legis2'edictum
874 2801 1014 2886 propriis
1037 2800 1178 2865 dominis
1206 2810 1435 2886 presententur
1465 2811 1521 2865 aut
1550 2800 1741 2888 dirigantur.
1796 2801 1893 2882 Quod
1924 2803 1951 2865 si
1984 2801 2077 2868 hunc

576 2908 723 2974 ordinem
747 2906 925 2994 adimplere
957 2909 1090 2972 minime
1120 2907 1368 2993 procuraverint
1396 2917 1430 2971 et
1457 2908 1622 2995 mancipia
1651 2907 1707 2972 illa
1735 2908 1874 2994 fugitiva
1902 2932 1966 2974 nec
1999 2933 2078 2997 pcr-

576 3017 704 3104 quirere
727 3037 788 3080 nec
814 3001 912 3079 etiam
937 3015 1075 3079 dominis
1100 3015 1165 3078 suis
1181 3014 1358 3078 reformare
1373 3014 1573 3079 intenderint
1588 3037 1649 3081 nec
1664 3013 1811 3080 iudiciali
1826 3018 2078 3083 examinatione

575 3122 779 3209 exquirenda
802 3122 997 3204 curaverint,
1022 3121 1137 3186 sedin
1162 3143 1199 3184 eo
1223 3119 1305 3203 loce,
1330 3121 1363 3184 in
1387 3143 1450 3208 quo
1474 3130 1626 3208 suscepta
1653 3123 1830 3205 extiterint,
1860 3124 2078 3209 postmodum
2099 3151 2128 3190 as

575 3229 695 3295 fuerint
718 3239 858 3316 reperta,
883 3251 994 3293 omnes
1017 3227 1217 3293 habitatores
1240 3226 1304 3291 loci
1327 3228 1439 3314 ipsius,
1463 3238 1530 3293 tam
1554 3229 1616 3292 viri
1633 3252 1730 3315 quam
1746 3228 1876 3311 semine,
1894 3231 2081 3297 cuiuslibet

576 3339 640 3401 sint
662 3337 779 3423 gentis,
804 3337 944 3422 generis,
970 3335 1092 3400 ordinis
1116 3336 1169 3400 vel
1191 3334 1333 3416 honoris,
1359 3347 1403 3398 00
1429 3346 1523 3400 erunt
1545 3334 1682 3421 flagellis
1706 3334 1836 3423 publice
1861 3358 1881 3399 a
1904 3337 2080 3404 iudicibus

577 3441 760 3509 coercendi.
808 3442 905 3525 Quod
929 3444 956 3506 si
979 3441 1129 3528 tiuphadi
1152 3452 1209 3506 aut
1230 3443 1347 3506 vicarii
1370 3451 1468 3528 atque
1492 3443 1645 3525 universi,
1677 3437 1732 3529 qui
1763 3443 1937 3508 iudiciaria
1967 3446 2080 3511 functi

576 3552 744 3616 extiterint
765 3559 937 3637 potestate,
961 3551 1030 3614 sive
1060 3550 1246 3630 numerarii,
1277 3559 1403 3613 actores
1433 3548 1487 3613 vel
1515 3559 1742 3636 procuratores
1772 3549 1825 3614 vel
1855 3551 2080 3617 ecclesiarum

576 3657 642 3725 Dei
665 3657 862 3738 sacerdotes,
893 3657 963 3720 fisci
990 3656 1043 3721 vel
1074 3656 1281 3742 proprietatis
1311 3666 1420 3720 nostre
1451 3666 1548 3743 atque
1579 3656 1797 3743 quorumlibet
1827 3657 2010 3742 hominum,
2043 3663 2081 3724 in
2102 3685 2130 3722 so

577 3787 713 3851 quorum
738 3765 909 3828 commisso
933 3764 1097 3850 mancipia
1119 3764 1192 3848 ipsa
1218 3761 1381 3826 latebrosa
1410 3765 1584 3848 vagatione
1615 3786 1649 3827 se
1679 3764 1829 3846 foverint,
1859 3763 1958 3830 huius
1991 3767 2081 3852 legis

577 3871 770 3938 sententiam
808 3871 842 3934 in
882 3869 1019 3935 subditis
1054 3867 1117 3934 sibi
1151 3868 1279 3955 populis
1314 3869 1367 3934 vel
1408 3870 1589 3936 iunioribus
1631 3869 1809 3957 adimplere
1852 3871 2081 3958 neglexerint,

577 3977 715 4043 districti
739 3976 780 4042 ab
805 3977 967 4064 episcopis
983 3977 1035 4041 vel
1052 3975 1226 4041 comitibus
1242 3977 1395 4041 territorii
1412 3990 1481 4041 ccc
1497 3976 1689 4043 verberibus
1705 3977 1836 4065 publice
1852 3977 2080 4066 flagellentur.

575 4084 711 4150 Namsi
736 4085 892 4172 episcopi,
917 4083 1119 4170 adquorum
1150 4084 1367 4168 cognitionem
1397 4084 1459 4149 hec
1489 4107 1589 4150 causa
1618 4088 1815 4172 pervenerit,
1845 4089 1996 4153 amicitia
2028 4091 2081 4154 in-

576 4190 652 4256 lecti
676 4203 730 4256 aut
755 4190 915 4256 beneficio
939 4192 1083 4277 corrupti
1105 4190 1159 4255 vel
1184 4188 1326 4277 quadam
1349 4191 1527 4277 tepiditatis
1550 4192 1751 4278 negligentia
1781 4196 1942 4281 occupati,
1976 4196 2130 4262 huiusce

576 4298 657 4384 legis
692 4299 885 4363 sententiam
921 4295 1169 4384 impetrantibus
1203 4297 1267 4361 illis
1302 4297 1437 4384 implere
1473 4298 1674 4383 distulerint,
1710 4300 1819 4365 divine
1851 4304 2080 4368 attestationis

523 4535 572 4595 IX,
593 4538 616 4594 1,
636 4536 679 4585 21.
721 4537 781 4586 1.1.
806 4531 859 4598 vel]
882 4535 1006 4585 ubive.
1053 4528 1242 4598 diversorium]
1262 4534 1433 4584 diversorum
1453 4535 1509 4585 V3.
1555 4537 1583 4585 in
1603 4537 1702 4602 quibus
1721 4536 1771 4587 des.
1791 4537 1846 4588 V3.
1879 4537 1888 4596 l]
1920 4539 1938 4589 1.
1960 4543 1987 4589 t.
2015 4543 2079 4606 qui-

417 4619 541 4688 cumque]
564 4625 677 4689 quisque
697 4625 754 4675 V3.
786 4623 795 4684 ]]
827 4626 844 4676 1.
865 4627 890 4675 5.
912 4640 976 4675 vere
995 4619 1140 4689 ingenuus]
1161 4622 1198 4673 ita
1216 4623 1280 4686 V3;
1300 4640 1364 4674 vere
1382 4623 1450 4674 deest
1466 4631 1520 4674 cett.
1552 4622 1561 4685 ΙΙ
1593 4625 1609 4675 l.
1630 4627 1654 4676 8.
1682 4621 1823 4692 prevento]
1849 4625 1886 4676 ita
1911 4627 1936 4676 V
1952 4630 1986 4690 3;
2013 4645 2079 4694 per-

417 4718 498 4762 vento
529 4712 619 4773 Mad.;
652 4721 779 4778 presente
810 4714 900 4775 1715;
932 4715 1052 4779 presenti
1083 4713 1169 4764 1717.
1213 4710 1222 4772 [Ι
1265 4713 1282 4763 1.
1309 4714 1350 4763 10.
1387 4711 1503 4778 flagellis
1535 4708 1667 4778 coerceri]
1698 4714 1807 4780 flagella
1836 4717 1973 4782 suscipiat
2006 4718 2033 4765 V
2052 4723 2080 4770 3.

417 4801 433 4850 1.
456 4803 495 4850 ll.
525 4797 616 4863 Quod]
638 4802 718 4852 Certe
738 4801 795 4853 V3.
827 4800 835 4862 l]
868 4803 884 4853 1.
907 4805 948 4853 13.
976 4797 1168 4868 quorumlibet]
1191 4803 1314 4867 quamvis
1338 4801 1501 4853 corumlibet
1524 4802 1547 4850 V
1559 4804 1583 4852 3.
1616 4801 1625 4863 ΙΙ
1657 4803 1736 4854 tlt.
1764 4801 1960 4870 possessomm]
1985 4823 2080 4873 popu·
2100 4819 2131 4856 ao

418 4887 504 4940 lorum
524 4890 660 4941 1715.17.
692 4889 701 4951 ΙΙ
732 4891 750 4940 1.
771 4893 812 4941 15.
840 4886 900 4956 sna]
924 4891 972 4942 illa
996 4892 1019 4940 V
1032 4895 1055 4942 3.
1088 4891 1096 4950 l]
1128 4893 1145 4942 1.
1167 4895 1207 4942 19.
1236 4891 1387 4958 questionis
1407 4891 1482 4941 1715.
1504 4892 1545 4941 17.
1577 4889 1586 4952 ΙΙ
1618 4892 1635 4943 1.
1655 4894 1697 4943 21.
1726 4889 1880 4955 reformare]
1901 4895 2081 4948 reformandi

423 4978 486 5028 173.
541 4981 665 5030 examine
692 4980 754 5030 V3.
787 4978 795 5038 l]
827 4981 844 5030 1.
864 4983 906 5030 25.
935 4981 1103 5047 exquirenda
1128 4987 1285 5046 presentare
1311 4981 1469 5031 curaberint
1493 4980 1556 5032 Ve.
1588 4981 1597 5043 ]]
1628 4982 1645 5032 1.
1666 4983 1708 5032 23.
1738 4981 1793 5034 loci
1817 4977 1913 5048 ipsius]
1946 4983 2079 5037 locorum

416 5068 537 5132 ipsorum
557 5068 613 5118 V3.
652 5084 731 5133 quam
751 5070 833 5119 etiam
854 5073 880 5119 et
898 5071 959 5119 fem.
980 5068 1036 5119 173.
1069 5067 1078 5130 ΙΙ
1109 5069 1126 5119 l.
1146 5070 1187 5119 28.
1214 5064 1367 5132 iudiciaria]
1386 5069 1424 5120 ita
1443 5071 1499 5120 173.
1521 5071 1562 5120 15.
1584 5072 1630 5132 17;
1649 5069 1774 5121 iudiciali
1793 5071 1864 5122 Mad.
1901 5072 1991 5124 functi
2012 5072 2082 5141 ext]

417 5157 500 5207 abent
519 5157 575 5207 V3.
608 5155 616 5217 l]
648 5159 727 5208 130.
755 5155 922 5222 inquorum
946 5159 1089 5210 commisso
1113 5157 1163 5207 dea.
1187 5158 1248 5208 V3.
1280 5155 1288 5218 11
1320 5159 1337 5209 1.
1358 5161 1400 5209 32.
1429 5154 1557 5222 subditis]
1584 5160 1716 5210 subiectis
1742 5159 1804 5210 173.
1836 5157 1844 5220 l]
1876 5161 1893 5211 l.
1913 5163 1959 5212 33.
1991 5163 2079 5230 CCC]

415 5246 453 5296 ita
476 5245 553 5295 1715.
580 5248 627 5308 17;
652 5246 785 5296 CCC⁰f¹¹¹²¹
809 5247 876 5307 Va;
901 5245 945 5296 OC
970 5247 1042 5296 Mod.
1096 5242 1168 5312 flag]
1189 5245 1353 5312 vapulentur
1372 5249 1428 5299 V3.
1461 5245 1470 5307 l]
1502 5249 1519 5299 l.
1539 5251 1581 5300 34.
1610 5243 1741 5315 episcopi]
1761 5256 1788 5300 et
1806 5250 1833 5299 in
1852 5251 1995 5317 episcopis
2016 5254 2081 5306 V3.
2102 5264 2130 5301 aa

417 5335 433 5384 l.
448 5336 490 5384 35.
510 5341 558 5384 aut
575 5334 642 5386 deest
660 5335 683 5384 V
692 5339 717 5386 3.
757 5337 901 5402 tepiditate
920 5335 977 5385 V3.
1007 5333 1016 5395 ΙΙ
1045 5337 1061 5386 1.
1079 5337 1121 5386 36.
1143 5331 1361 5401 impetrantibus]
1379 5337 1417 5387 ito
1436 5337 1507 5388 Mad.
1526 5337 1591 5387 1717
1611 5333 1650 5400 (io
1668 5334 1775 5404 Μαι-Μ
1793 5339 1995 5404 imperantibus
2016 5342 2080 5395 V3.

419 5426 459 5474 15.
480 5420 569 5485 171111
589 5422 676 5486 16616).
730 5418 853 5490 implere]
872 5423 1021 5490 adimplere
1042 5425 1098 5474 V3.
1154 5425 1246 5475 divine
1265 5451 1300 5458 —
1321 5427 1474 5492 astringant
1493 5421 1532 5490 ut]
1553 5425 1612 5478 hoec
1630 5426 1710 5488 amba,
1736 5444 1799 5493 qum
1819 5435 1924 5492 propter
1951 5430 2082 5484 lacamm

416 5511 522 5579 iutellipi
540 5513 711 5578 imprimat,
730 5531 777 5563 οιιι.
797 5513 872 5564 1715.
893 5515 934 5564 17.

526 5728 556 5800 1)
581 5729 634 5801 nr,
658 5730 685 5800 1,
706 5729 735 5786 s.
761 5730 790 5786 s.
884 5728 1095 5800 2)1X,1‚s.
