4448 6226
701 352 996 410 SUPPLEMENTA.
1021 385 1064 392 -
1087 356 1165 410 LEX
1189 357 1351 412 THEUDI.

468 540 580 624 gitimo
605 539 787 620 benefacto,
812 540 852 604 do
877 540 919 622 id,
944 541 1032 627 quod
1055 565 1154 628 super
1174 544 1312 629 aceepit,
1337 567 1503 632 presump-

468 647 545 710 toris
570 647 790 711 satisfactione
816 647 977 711 multetur.
1018 649 1170 713 Vestrum
1196 649 1327 738 [autleni

468 755 614 839 quisquis
639 755 665 817 si
690 753 801 818 labore
826 753 943 818 lenitus
967 767 1023 818 aut
1045 755 1267 842 redemptione
1291 780 1363 842 pro-

468 860 559 924 clivis
584 883 694 924 eorum
720 859 902 944 neglexerit
925 860 1044 924 domna
1068 872 1099 925 et
1124 864 1288 948 rapinam,-
1306 866 1397 950 quin-

389 979 444 1041 (65)
467 991 529 1052 que
555 990 589 1030 se
613 969 741 1030 noverit
764 966 919 1031 librarum
943 969 1012 1031 auri
1037 968 1239 1034 multandum
1263 971 1333 1034 lisei
1357 993 1432 1035 eon-

467 1073 594 1160 pondiis
619 1075 814 1159 profuturos,
862 1074 957 1138 Hane
981 1074 1121 1160 denique
1147 1077 1409 1142 constitutionem

467 1180 560 1244 robis
585 1181 763 1245 direximus
788 1180 885 1266 sigilli
909 1183 1010 1245 nostri
1034 1181 1217 1246 adiectione
1239 1183 1408 1264 firmatam,

468 1287 699 1366 discernentes
724 1299 759 1351 ut
783 1286 1039 1375 saluberrimolel
1066 1288 1276 1353 ordinationis
1301 1291 1409 1355 mode-

468 1397 626 1458 rationem
650 1417 709 1480 per
731 1396 901 1458 universos
926 1394 1061 1481 populos
1085 1395 1146 1458 hae
1171 1394 1313 1460 loeorum
1342 1396 1424 1461 iudi-

387 1515 444 1574 (70)
467 1526 521 1566 ees
545 1501 682 1566 aodietis
707 1503 879 1587 propositis
903 1501 1112 1565 manifestare
1136 1505 1266 1583 curetis,
1291 1527 1368 1590 cqua-

465 1603 559 1674 tenus
583 1619 756 1694 expectata
780 1609 969 1672 elementiae
993 1620 1102 1672 nostre
1126 1611 1317 1694 regnatione
1341 1610 1486 1696 fugatum

465 1715 637 1804 mlolelstie
661 1738 813 1801 pavorem
839 1713 1072 1802 eognoscalnlt.
1119 1715 1216 1779 Hane
1240 1740 1368 1803 quoque
1394 1719 1546 1784 eonstitu-

465 1824 585 1886 tionem
609 1824 641 1886 in
668 1821 887 1886 Theodosiaui
911 1823 1055 1907 eorporis
1080 1820 1163 1886 libro
1187 1837 1301 1908 quarto
1326 1823 1386 1888 sub
1411 1827 1483 1890 titu-

465 1929 494 1992 lo
519 1930 611 1995 XVI.
636 1929 798 1993 adiectam
821 1927 980 2009 iubemus,
1005 1939 1039 1992 ut
1063 1927 1211 1993 omnibus
1236 1932 1319 1994 seire
1343 1930 1449 2012 liceat,
1475 1957 1538 2019 que

388 2049 444 2112 (to)
467 2061 525 2123 pro
550 2038 692 2100 omnium
718 2035 820 2098 salute
846 2034 978 2098 deereta
1002 2047 1085 2100 snut.
1134 2035 1168 2100 Si
1194 2039 1265 2122 quis
1290 2061 1367 2102 vero
1392 2051 1464 2125 post

466 2145 666 2208 aedietorum
692 2141 945 2228 publicationem
970 2155 1049 2228 aput
1072 2143 1306 2210 discussionem
1331 2169 1396 2210 am-

466 2251 634 2337 plitudinis
658 2265 766 2314 nostre
807 2298 1036 2313 .....
1084 2251 1171 2316 eirea
1194 2250 1278 2316 hane
1302 2255 1529 2319 auctoritatem

464 2358 580 2420 offerre
604 2357 847 2442 presumpserit,
872 2355 1031 2436 iubemus
1055 2368 1091 2420 ut
1114 2358 1206 2421 iuxta
1229 2358 1365 2423 formam
1390 2360 1494 2444 legis*

464 2463 655 2550 conpendiis
680 2475 812 2527 coaetus
836 2462 993 2526 exsolvat.

385 2585 441 2646 rsit)
463 2573 539 2636 Dat.
572 2571 631 2635 sub
657 2571 709 2634 die
728 2571 818 2634 Vlll.
843 2570 1002 2634 kalendas
1025 2570 1242 2634 Decembrias
1266 2595 1350 2636 anuo
1375 2573 1450 2640 XV.
1476 2577 1567 2660 regni
1592 2575 1702 2640 domni

462 2681 564 2743 nostri
588 2679 794 2764 gloriosisimi
818 2677 946 2741 Theudi
971 2679 1079 2762 regisl
1103 2677 1227 2742 Toleto.
1275 2679 1546 2765 Recognovimus

358 2877 383 2952 *l
410 2883 558 2948 Queredruu
582 2883 685 2940 omissa
710 2883 854 2950 eicientem
877 2883 1024 2952 sortasse:
1048 2882 1107 2936 anri
1132 2883 1257 2954 quinque
1281 2883 1368 2939 libras
1392 2883 1451 2940 fisci
1475 2887 1647 2956 profuturas.

583 3245 643 3390 a
709 3239 1456 3392 eonnnonours

280 3457 560 3608 rums
608 3454 1766 3609 nomano-rismormor

758 3671 1001 3770 CAPITA
1028 3673 1072 3768 V
1075 3674 1290 3770 Π-ΧΧ.

631 3861 965 3937 (FRAGMENTA
994 3860 1411 3962 Gannauzmuar.

303 4037 377 4101 VII.
420 4037 495 4100 De3
518 4036 590 4099 tiliis
615 4047 689 4098 aute
714 4045 838 4121 patrem
864 4034 1036 4097 morituris.
1085 4033 1119 4098 Si
1144 4035 1337 4120 euieumque
1361 4037 1517 4100 moriatur
1541 4035 1624 4099 filius
1649 4036 1729 4116 eine,
1759 4049 1847 4100 ante-

197 4167 293 4232 quam
317 4143 370 4208 ille
395 4145 560 4224 moriatur,
586 4155 617 4206 et
641 4142 826 4227 relinquant
849 4142 879 4204 ei
903 4140 960 4204 lilii
984 4151 1136 4226 nepotes3
1168 4143 1212 4204 ita
1235 4153 1270 4204 ut
1301 4164 1383 4205 unus
1415 4143 1575 4227 relinquat
1605 4165 1704 4206 unum
1735 4142 1846 4226 lilium,

197 4251 334 4316 stulius
358 4250 520 4336 relinquat
543 4249 714 4335 plurimos3
746 4259 778 4312 et
801 4249 957 4310 moriatur
981 4247 1186 4333 postmodum
1210 4271 1291 4312 avus
1315 4248 1442 4312 illorum
1466 4250 1654 4312 intestatus:
1686 4247 1739 4312 ille
1763 4273 1847 4314 unus

150 4385 177 4422 so
197 4359 292 4423 talem
317 4359 498 4444 portionem
522 4357 663 4442 accipiat
687 4379 727 4418 ex
753 4353 965 4418 hereditatem
989 4355 1042 4416 avi
1067 4354 1127 4435 sui,
1152 4353 1279 4440 qualem
1305 4367 1337 4418 et
1360 4354 1415 4418 alii
1439 4353 1577 4441 plurimi,
1603 4357 1659 4441 qui
1683 4355 1723 4418 de
1747 4355 1846 4420 fratre

194 4465 279 4530 illius
303 4466 368 4528 nati
394 4475 477 4528 sunt.
533 4463 574 4526 Et
604 4465 629 4525 si
662 4463 780 4526 fuerint
811 4460 868 4524 filii
899 4472 964 4524 tres
995 4459 1048 4523 vel
1079 4473 1240 4547 quattuor,
1272 4473 1304 4525 et
1334 4463 1512 4525 moriantur
1542 4461 1606 4526 duo
1637 4483 1679 4526 ex
1710 4461 1782 4543 illis,
1814 4475 1847 4528 et

195 4572 360 4658 reliquerit
384 4594 466 4634 unus
490 4593 588 4634 uuum
613 4568 724 4649 lilium,
757 4581 789 4631 et
819 4567 899 4630 alius
930 4565 1030 4630 irater
1061 4567 1225 4652 plurimos,
1257 4578 1289 4631 et
1319 4569 1475 4631 moriatur
1504 4579 1577 4653 post
1608 4591 1702 4633 easus
1733 4571 1845 4634 tertius

300 4774 316 4823 l.
332 4776 355 4822 1.
376 4767 530 4833 lieuelaeto]
552 4772 586 4819 sie
605 4789 652 4835 pro
671 4769 804 4819 lmuelieio
826 4787 846 4818 e.
876 4767 884 4828 li
914 4769 969 4818 Η.
991 4763 1092 4830 autem]
1115 4767 1276 4832 itofortorsr
1293 4786 1323 4826 e..
1341 4778 1404 4818 certe
1423 4787 1473 4818 aori
1493 4767 1589 4834 legem,
1608 4769 1674 4834 quod
1691 4768 1763 4820 dohet
1780 4771 1845 4822 Mat.

194 4863 210 4912 l.
231 4865 255 4912 3.
285 4857 394 4924 leuitusl
419 4862 453 4911 rie
470 4879 491 4910 e.
523 4861 531 4919 q
564 4861 580 4911 l.
597 4862 620 4910 l.
649 4857 748 4922 sigillis
775 4859 874 4908 uostris
901 4875 921 4906 r..
954 4855 962 4914 ll
994 4858 1011 4906 l.
1034 4860 1074 4906 ll.
1103 4853 1203 4920 nostre]
1232 4853 1299 4908 NS'F}
1325 4858 1365 4906 die
1390 4867 1412 4908 et
1437 4857 1510 4922 infra
1535 4875 1554 4908 c.
1610 4855 1781 4923 rogitatione]
1809 4861 1846 4910 ito

148 4966 175 5002 aa
201 4953 296 5011 Vinion
316 4953 390 5018 regie
411 4951 475 5000 alat.
507 4955 515 5008 rt
548 4950 564 5000 l.
587 4951 627 4999 12.
656 4943 790 5012 molestie]
808 4947 845 4998 ito
863 4947 964 4996 coniecit
983 4946 1171 5010 llereuiuqlrofi}
1190 4948 1278 4997 mistio
1299 4947 1362 4997 Jtar.
1394 4946 1402 5006 il
1435 4948 1451 4996 l.
1474 4949 1513 4996 18.
1542 4943 1664 5010 tonnam]
1684 4948 1805 4998 incertum
1823 4967 1843 5000 c.

193 5043 210 5091 l.
232 5044 272 5090 19.
301 5036 433 5102 exsolvat]
457 5057 489 5088 eu
508 5039 596 5088 solvat
614 5057 651 5099 e.‚·
669 5038 697 5087 iu
714 5039 768 5102 „tine
787 5037 866 5086 lineae
886 5037 942 5086 CIS
963 5037 984 5084 L
1004 5035 1061 5098 quit
1081 5035 1167 5084 l'iolet.

302 5131 361 5180 (at.
376 5129 582 5180 loramento.
602 5153 637 5160 -
656 5127 672 5176 l.
687 5129 728 5177 27.
748 5121 894 5187 morituris]
914 5126 949 5174 ito
968 5142 1005 5184 e.,·
1024 5124 1137 5172 mortuis
1153 5125 1236 5174 Gaud.
1261 5125 1269 5180 'J
1292 5125 1308 5174 l.
1323 5127 1364 5174 30.
1385 5119 1440 5186 avi]
1463 5126 1516 5175 arii
1535 5143 1555 5174 o.
1580 5123 1587 5184 ll
1611 5125 1627 5175 l.
1642 5125 1683 5176 32.
1704 5121 1844 5190 moriatur]

191 5221 248 5270 rod.
267 5237 331 5270 corr.
350 5235 379 5268 ez
398 5220 547 5268 moriautur
564 5229 584 5266 c.

303 5405 331 5466 1)
357 5401 396 5457 D.
419 5400 469 5455 24.
487 5399 559 5456 Noe
579 5419 607 5454 a.
627 5398 699 5453 546.
793 5396 823 5462 2)
849 5396 895 5451 De
918 5395 960 5452 lis
983 5395 1118 5470 capitibus
1141 5396 1362 5470 interpretoudis
1386 5397 1426 5467 es.
1451 5417 1524 5472 quoe
1547 5397 1575 5454 iu
1600 5398 1843 5455 eouuueatotione:

147 5528 175 5564 ro
194 5509 280 5566 ‘Eine
309 5506 506 5565 aarerrtderlrte
537 5505 743 5580 eeqqorliscue
770 5503 974 5578 lleclltsqurlle'
1006 5503 1034 5559 in
1066 5502 1113 5559 ‘di
1139 5503 1236 5560 Arci)
1262 5503 1331 5571 XII,
1360 5523 1390 5577 p.
1418 5503 1479 5558 389
1497 5525 1557 5580 sqq.
1591 5505 1715 5579 exposui,
1746 5504 1844 5580 quibus

190 5617 332 5692 plerisque
361 5635 492 5671 cessemus
522 5622 561 5669 est
590 5613 699 5667 .›lrtlrrrr
729 5611 829 5666 lleuuo
858 5610 982 5666 Srlrruidt
1012 5609 1041 5666 in
1071 5610 1117 5665 ‘Z.
1149 5611 1176 5666 d.
1207 5609 1504 5687 Srrrre'qupul'tiftuup'
1530 5611 1583 5679 IX,
1615 5608 1724 5668 ‘Gerre
1749 5610 1842 5667 Abte!

188 5745 220 5799 p.
247 5723 308 5778 223
326 5743 386 5798 sqq.
481 5720 510 5788 3)
537 5719 599 5774 Hor,
623 5727 707 5792 raprd
729 5719 919 5792 supplemento
943 5736 1000 5772 esse
1023 5716 1132 5773 ridetur
1148 5717 1288 5790 Antiquae
1306 5715 1340 5771 L.
1357 5716 1412 5772 Vis.
1430 5715 1449 5772 Ι
1454 5716 1484 5785 V,
1503 5716 1531 5786 2,
1550 5717 1584 5784 8,·
1609 5717 1649 5787 es.
1668 5717 1722 5788 IV,
1742 5717 1770 5787 2,
1791 5717 1840 5772 18.
