4388 6226
637 342 932 399 SUPPLEMENTA.
959 371 999 382 -
1025 342 1139 398 CONC.
1164 343 1305 398 TOLET.
1328 343 1406 398 vm.
1786 339 1850 399 473

196 531 382 617 conscripta
406 541 512 596 tenete
538 553 576 594 ac
601 529 722 594 relecta
752 531 966 616 praenoscite,
999 545 1030 596 et
1061 532 1196 610 cunctis,
1227 553 1310 618 quae
1342 531 1446 594 tenori
1477 532 1546 594 eius
1577 544 1706 595 nostrae
1738 531 1850 618 ampli-

197 637 319 702 tudinis
357 647 501 724 potestas
540 637 719 722 impressit,
759 649 889 701 vestrae
927 635 1113 702 beatudinis
1148 638 1292 722 gravitas
1332 637 1482 702 effectum
1518 648 1583 701 tam
1623 649 1771 724 prompte
1811 661 1849 702 ac

197 745 390 808 miseranter
424 742 607 828 impendat,
647 765 745 828 quarn
780 757 909 808 nostrae
945 743 1202 808 irransuetudinis
1239 746 1395 808 serenitas
1434 744 1516 808 haec
1552 742 1645 808 vobis
1685 744 1851 830 implenda

198 850 413 916 commendat.
460 849 642 914 Exordium
666 851 775 936 itaque
800 850 1004 914 allocutionis
1028 873 1120 914 tneae
1145 873 1188 914 ex
1212 849 1399 915 definitione
1424 861 1555 914 sanctae
1580 850 1656 915 fidei
1680 851 1849 932 inchoem,

164 969 316 1038 coetera,
341 979 425 1044 quae
444 957 559 1022 suturis
583 967 657 1020 sunt
675 955 958 1044 prosecutionibus
983 955 1172 1038 intimanda,
1193 957 1281 1021 velut
1306 979 1404 1043 supra
1428 956 1624 1022 soliditatem
1644 969 1755 1044 petrae
1776 981 1851 1022 con·

198 1074 377 1129 structurus
412 1075 598 1144 annectam,
635 1075 670 1128 ut
705 1065 811 1149 operis
848 1065 910 1128 mei
946 1063 1129 1128 aedificium
1166 1085 1399 1148 congressurus
1434 1086 1472 1128 eo
1508 1065 1677 1150 sequentia
1712 1065 1852 1130 validius

198 1193 335 1258 ponam,
368 1194 431 1258 quo
464 1171 631 1236 decentius
667 1170 850 1235 firmissima
886 1169 1095 1257 praetulerim
1130 1171 1245 1256 prima.
1304 1171 1418 1256 Itaque
1454 1193 1563 1234 ceram
1599 1193 1633 1234 se
1669 1174 1852 1237 reverentia

198 1291 308 1342 vestra
337 1277 471 1358 habeat,
503 1277 591 1364 quod
620 1299 716 1342 nosse
751 1300 816 1341 non
839 1275 1003 1369 ,anrbigit,
1040 1299 1090 1340 me
1127 1276 1328 1342 orthodoxae
1364 1276 1441 1341 fidei
1474 1299 1603 1360 veram,
1640 1290 1786 1342 sanctam
1820 1290 1854 1343 et

199 1386 359 1450 sinceram
395 1383 539 1470 regulam
575 1384 615 1449 de
647 1384 744 1448 corde
777 1407 858 1470 puro
890 1395 922 1448 et
953 1385 1152 1448 conscientia
1182 1382 1269 1448 bona
1299 1383 1486 1470 plenissime
1519 1383 1659 1466 habere,
1690 1387 1853 1450 veraciter

154 1516 180 1554 ιο
199 1493 283 1556 scire
312 1504 344 1555 ct
367 1492 549 1556 finnissimc
581 1492 730 1571 retinere,
763 1505 860 1577 atque
891 1513 963 1555 eam
993 1492 1038 1554 ita
1069 1491 1251 1577 complecti,
1283 1493 1432 1556 venerari
1463 1503 1561 1578 atque
1591 1491 1737 1577 diligere,
1769 1494 1853 1557 sicut

199 1621 272 1664 earn
307 1597 485 1684 apostolica
520 1597 651 1662 traditio
682 1597 788 1678 dedit,
825 1599 908 1662 sieut
944 1620 1015 1662 eam
1052 1609 1165 1662 sancta
1196 1596 1339 1684 synodus
1368 1597 1516 1662 Nicaena
1552 1600 1733 1681 constituit,
1770 1601 1853 1663 sicut

199 1705 479 1791 Constantinopoli
510 1719 695 1770 sanctornm
725 1716 853 1791 patrum
886 1705 1095 1790 congregatio
1128 1703 1284 1785 definitit,
1316 1706 1399 1769 sicut
1426 1704 1585 1792 Ephesini
1616 1707 1711 1792 primi
1742 1717 1853 1770 coetus

199 1814 305 1878 unitas
336 1812 520 1892 affirmarit,
552 1813 637 1876 sicut
660 1811 937 1876 Chalcedonensis
968 1811 1098 1876 concilii
1129 1811 1273 1875 definitio
1304 1811 1452 1897 protulit3
1484 1812 1567 1877 hanc
1599 1836 1673 1877 cum
1702 1811 1853 1877 fidelibus

199 1943 344 2000 servans,
369 1919 411 1983 ad
435 1919 519 1983 lianc
543 1919 716 1983 salvandos
741 1918 887 1982 infideles
912 1918 1072 1998 advitans,
1103 1920 1137 1983 in
1160 1918 1221 1982 hac
1247 1917 1409 1983 subiectos
1440 1919 1577 2006 populos
1608 1942 1735 2005 regens,
1769 1909 1853 1984 hanc

154 2049 181 2088 rs
200 2028 338 2114 propriis
368 2024 519 2112 gentibus
552 2025 727 2090 tenendam
762 2026 946 2105 insinuans,
983 2025 1066 2090 hanc
1097 2025 1225 2112 populis
1256 2026 1370 2090 alicnis
1401 2028 1614 2106 annuntianS,
1650 2039 1694 2108 nt,
1730 2028 1764 2090 in
1799 2025 1854 2090 illa

199 2133 384 2220 glorificans
409 2133 527 2212 Deum,
553 2133 641 2196 etin
665 2143 810 2218 ternpore
835 2132 1017 2198 mortalium
1041 2155 1091 2197 me
1117 2155 1260 2198 sumnrae
1286 2133 1465 2198 divinitatis
1489 2133 1627 2198 felicitas
1652 2145 1853 2220 assequatur,

200 2253 232 2306 et
256 2243 289 2304 in
313 2252 399 2304 terra
422 2240 603 2304 viventium
627 2238 789 2303 hereditas
813 2261 832 2302 a
856 2261 907 2302 me
931 2238 1054 2324 gloriae
1079 2241 1236 2326 capiatur.

306 2348 368 2428 En,
393 2347 648 2410 reverentissimi
672 2359 791 2432 patres,
816 2357 972 2432 quantum
997 2346 1039 2410 ad
1061 2348 1233 2412 veritatem
1256 2347 1333 2411 fidei
1361 2359 1493 2412 sanctae
1524 2349 1689 2434 pertinuit,
1721 2371 1763 2412 ex
1786 2357 1853 2412 toto

200 2456 342 2518 animam
366 2477 471 2518 meam
496 2475 574 2516 suae
599 2454 811 2517 confessionis
835 2453 943 2518 titulos
968 2453 1164 2540 explicuisse
1189 2453 1436 2519 honoriticentia
1460 2466 1568 2519 vestra
1583 2457 1744 2541 pensavit.
1783 2455 1854 2518 Iam

154 2590 183 2629 ao
200 2585 286 2625 rrurrc
317 2583 514 2646 magnopere
546 2558 685 2624 arbitror
714 2583 786 2624 esse
821 2560 900 2624 mihi
931 2561 1142 2647 opportunius
1178 2560 1366 2626 enitendum
1401 2563 1548 2626 societati
1580 2561 1725 2626 eiusdem
1756 2584 1853 2626 verae

201 2667 278 2732 fidei
295 2666 402 2731 studia
419 2678 551 2732 sanctae
569 2668 766 2754 operationis
786 2668 962 2750 innectere,
980 2689 1021 2732 ne
1038 2667 1121 2731 hanc
1138 2678 1194 2731 ant
1210 2669 1279 2731 sine
1297 2667 1449 2753 operibus
1466 2672 1648 2732 mortuan1¹
1664 2667 1852 2748 habeamus,

202 2788 345 2839 autnon
373 2773 584 2861 plenitudinis
615 2797 692 2838 suae
723 2773 881 2859 dignitate
912 2776 1086 2861 perspicua
1117 2773 1248 2839 decidat
1277 2774 1458 2854 inhonesta,
1490 2774 1566 2839 dum
1591 2775 1759 2862 Scriptura
1789 2799 1855 2840 non

202 2882 316 2946 silente
342 2880 382 2945 dc
407 2880 602 2966 quibusdam
625 2881 772 2960 infertur,
798 2881 853 2966 qui
877 2880 990 2945 dicunt
1014 2886 1085 2945 ‘se‘2
1108 2903 1202 2945 nosse
1225 2881 1345 2962 Deum,
1371 2881 1464 2945 factis
1489 2893 1597 2946 antem
1622 2883 1762 2967 negant'.
1811 2882 1855 2946 Ut

203 3012 280 3074 crgo
304 2988 388 3052 hanc
412 2987 510 3052 fidem
535 3009 633 3074 supra
657 2986 843 3073 ‘lapidem'3
867 2987 956 3051 illurn
982 2987 1164 3068 solidatum,
1189 2993 1296 3074 ‘quem
1321 2987 1578 3075 reprobaverunt
1604 2989 1735 3076 quidem
1767 2988 1855 3054 aedi-

156 3121 184 3161 as
202 3097 348 3174 ficantes,
378 3094 465 3160 idem
488 3106 597 3158 tamen
621 3116 641 3158 a
664 3094 806 3158 Domino
830 3094 936 3158 factus
960 3095 1066 3157 estin
1090 3105 1188 3180 caput
1211 3094 1322 3180 anguli
1347 3107 1379 3160 et
1402 3106 1451 3160 est
1474 3094 1665 3160 admirabile
1696 3097 1729 3160 in
1753 3095 1855 3160 oeulis

203 3203 347 3284 nostris',
376 3202 503 3289 plenius
534 3199 712 3265 habeamus
744 3201 878 3286 eiusque
909 3199 1091 3286 insignibus
1123 3200 1292 3266 decentius
1324 3224 1528 3284 exomemnr,
1560 3202 1731 3284 attendite,
1764 3205 1855 3268 cuius

204 3311 312 3397 operis
336 3309 476 3373 fructum
501 3309 658 3394 cuiusque
683 3309 880 3394 operationis
905 3319 1114 3393 augmentum
1138 3307 1252 3372 studiis
1276 3307 1371 3372 huius
1396 3319 1527 3374 sanctae
1559 3309 1635 3374 fidei
1667 3312 1855 3375 consociare

204 3416 341 3481 velimus
365 3428 397 3480 et
427 3417 592 3480 innectere
617 3416 809 3501 quantocius
841 3429 1079 3501 praeoptemus.
1132 3415 1248 3500 Itaque
1279 3415 1434 3479 revolutis
1465 3429 1550 3481 retro
1581 3415 1781 3503 temporibus
1811 3419 1856 3481 ita

204 3546 262 3588 ves
287 3544 480 3608 omnemque
505 3522 660 3608 populum
683 3523 807 3586 iurasse
831 3522 1014 3602 recolimus,
1039 3527 1096 3586 ut4
1123 3523 1356 3608 cuiuscumque
1388 3521 1510 3586 ordinis
1540 3522 1593 3586 vel
1623 3523 1753 3588 honoris
1785 3547 1856 3611 per-

158 3657 186 3696 ao
205 3652 284 3694 sona
308 3631 341 3693 in
372 3651 487 3693 necem
517 3629 642 3714 regiam
672 3627 902 3714 excidiumque
927 3627 1109 3693 Gothorum
1139 3630 1245 3714 gentis
1275 3651 1313 3693 ac
1344 3630 1470 3715 patriae
1502 3629 1629 3694 detecta
1659 3631 1774 3695 fuisset
1804 3631 1856 3695 vel

206 3738 366 3822 cogitasse
405 3737 504 3800 noxia
543 3735 595 3800 vcl
634 3736 757 3820 egisse,
796 3732 1019 3799 irrevocabilis
1059 3736 1238 3800 sententiae
1277 3736 1429 3800 multatus
1471 3739 1658 3818 atrocitate,
1697 3759 1856 3823 nusquam

205 3853 384 3908 insereretur
417 3844 534 3907 veniae
568 3841 749 3907 remedium
779 3841 832 3905 vel
866 3840 1002 3906 alieuius
1037 3843 1272 3928 temperantiae
1303 3843 1487 3928 perciperet
1516 3843 1752 3931 qualecumque
1783 3843 1856 3907 sub·

205 3950 334 4015 sidium.
380 3949 425 4014 At
448 3971 533 4013 nunc
559 3950 635 4036 quia
658 3970 757 4033 grave
783 3971 1019 4034 onerosumque
1044 3959 1203 4031 censetur,
1235 3948 1312 4014 dum
1342 3951 1473 4036 pietatis
1502 3949 1629 4015 actibus
1660 3951 1752 4036 gravi
1783 3973 1857 4015 con-

206 4057 398 4122 tradictione
422 4057 502 4120 haec
528 4057 687 4120 sententia
711 4054 867 4120 resultare
890 4054 1113 4142 perpenditur,
1138 4068 1169 4121 et
1193 4058 1239 4119 sic
1255 4057 1400 4122 funditus
1417 4056 1633 4122 damnationis
1650 4056 1856 4144 adstipulatio

160 4191 188 4231 as
207 4165 373 4245 retinetur,
393 4187 433 4228 nc
453 4164 577 4249 pietati,
595 4185 677 4248 quae
698 4163 844 4249 apostolo
861 4163 1094 4248 praecinente⁵
1118 4162 1294 4227 ‘adomnia
1318 4163 1405 4228 utilis
1430 4163 1500 4246 est’,
1525 4186 1729 4250 quocumque
1751 4163 1857 4228 aditus

208 4282 379 4352 reseretur,
403 4271 520 4334 vestris
544 4269 626 4334 haec
651 4270 815 4334 committo
838 4268 952 4332 fidenti
976 4270 1083 4333 animo
1108 4271 1208 4334 sacris
1227 4270 1460 4356 pertractanda
1475 4270 1603 4335 iudiciis
1621 4293 1659 4335 ac
1676 4270 1858 4335 dirimenda

208 4379 386 4442 sententiis.
433 4375 529 4441 Unde
553 4377 619 4441 iam
642 4387 786 4440 vestrum
811 4376 872 4439 crit
900 4377 1078 4462 inspirante
1109 4374 1203 4440 robis
1233 4378 1441 4441 miseratione
1473 4377 1584 4442 diuina
1615 4378 1660 4441 ita
1690 4378 1857 4464 utn‘usque

208 4484 404 4551 discriminis
427 4493 610 4570 temperare
634 4505 829 4562 mensmum,
853 4505 895 4546 ne
920 4495 975 4546 aut
998 4484 1170 4547 iuramenti
1194 4483 1337 4548 conditio
1361 4495 1470 4548 teneat
1493 4507 1575 4565 reos,
1604 4497 1660 4549 aut
1684 4485 1858 4570 impietatis

208 4591 286 4657 ultio
310 4590 429 4656 habeat
452 4591 656 4671 inhumanos,
681 4590 801 4676 sicque
817 4592 917 4653 vestri
940 4611 998 4653 nos
1022 4590 1159 4654 instruat
1182 4590 1285 4654 forma
1309 4590 1432 4672 iudicii,
1464 4603 1498 4654 ut
1528 4590 1691 4656 subiectos
1722 4591 1859 4678 populos

161 4722 269 4765 senec
293 4700 327 4762 in
350 4695 630 4786 profanationibus
654 4695 793 4761 habeam
824 4694 981 4778 subditos,
1013 4719 1073 4761 nec
1104 4698 1278 4784 impietatis
1309 4697 1448 4762 vinculis
1478 4697 1603 4762 doleam
1635 4699 1858 4762 comminutos.

208 4807 287 4870 Post
321 4805 416 4870 huius
453 4805 677 4869 conventionis
712 4803 888 4891 alloquium
920 4805 1122 4890 sequentium
1154 4816 1287 4868 nectens
1319 4825 1435 4868 causas
1466 4805 1668 4890 negotiorum
1698 4805 1858 4892 similique

209 4911 435 4998 subiungimus
458 4934 517 4976 vos
540 4911 709 4975 intendere
734 4912 922 4976 attentione.
976 4911 1192 4975 Decernirnus
1224 4921 1413 4976 attestantes
1443 4913 1687 4976 universitatem
1718 4923 1860 4976 vestram

209 5042 268 5106 per
296 5041 440 5084 summae
464 5018 644 5083 divinitatis
673 5018 884 5104 coaequalem
909 5029 941 5082 et
965 5029 1171 5082 coaeternam
1202 5027 1234 5080 et
1263 5017 1515 5104 inseparabilem
1539 5017 1731 5084 Trinitatem
1762 5029 1860 5105 atque

210 5125 293 5190 illius
325 5127 480 5212 mysteria
510 5125 716 5207 sacramenti,
748 5124 836 5212 qued
866 5125 1070 5189 incamatnm
1093 5124 1158 5188 Dei
1189 5123 1291 5188 filium
1321 5123 1362 5188 de
1394 5125 1517 5210 Spiritu
1548 5135 1659 5189 sancto
1691 5147 1733 5189 ex
1757 5125 1862 5190 lllaria

163 5258 192 5298 ss
210 5233 337 5318 virgine
361 5255 419 5319 pro
444 5231 547 5297 salute
571 5231 685 5296 mundi
707 5254 786 5295 vera
809 5230 891 5295 fides
914 5231 948 5294 in
972 5241 1038 5295 toto
1063 5229 1140 5294 erbe
1170 5229 1348 5309 denuntiat,
1380 5241 1477 5317 atque
1509 5230 1654 5295 ciusdem
1685 5231 1860 5296 adrentum

210 5339 286 5403 Iesu
310 5337 430 5404 Christi
453 5339 511 5403 tilii
535 5339 610 5420 Dei,
635 5339 757 5403 domini
781 5340 893 5419 nostri,
919 5361 982 5424 que
1006 5337 1188 5424 perimendi
1219 5348 1293 5401 sunt
1322 5339 1424 5425 impii,
1456 5349 1487 5402 ct
1518 5360 1653 5424 regnum
1687 5339 1766 5420 cius,
1798 5362 1861 5424 qno

322 5597 349 5666 1)
370 5597 431 5654 Inc.
453 5596 482 5666 2,
504 5597 554 5653 26.
648 5596 678 5662 2]
704 5597 755 5652 lit.
775 5597 802 5664 l,
822 5595 871 5652 16.
965 5595 994 5665 3)
1018 5595 1214 5665 Psalmttt,
1234 5593 1284 5651 22.
1303 5595 1359 5664 23,·
1396 5595 1498 5652 Madd.
1517 5595 1567 5664 21,
1586 5593 1648 5652 42.
1726 5597 1756 5666 4)
1779 5595 1863 5656 Cbnc.

218 5705 302 5761 'lutet
327 5705 391 5760 l'II.
416 5725 480 5762 enar.
501 5706 528 5760 l.
622 5704 651 5773 5)
680 5706 707 5759 1.
729 5703 796 5760 ilar.
814 5703 843 5772 4,
861 5702 889 5758 8.

266 5822 309 5865 121».
323 5823 415 5864 secat.
444 5821 461 5862 1.
1600 5827 1634 5874 60
