<?xml version="1.0" encoding="UTF-8"?>
<!DOCTYPE html PUBLIC "-//W3C//DTD XHTML 1.0 Transitional//EN"
    "http://www.w3.org/TR/xhtml1/DTD/xhtml1-transitional.dtd">
<html xmlns="http://www.w3.org/1999/xhtml" xml:lang="en" lang="en">
 <head>
  <title>
</title>
<meta http-equiv="Content-Type" content="text/html;charset=utf-8" />
  <meta name='ocr-system' content='tesseract 3.04.00' />
  <meta name='ocr-capabilities' content='ocr_page ocr_carea ocr_par ocr_line ocrx_word'/>
</head>
<body>
  <div class='ocr_page' id='page_1' title='image "./legesvisigothor00zeumgoog/legesvisigothor00zeumgoog_0407.png"; bbox 0 0 4448 6226; ppageno 0'>
   <div class='ocr_carea' id='block_1_1' title="bbox 425 340 1540 412">
    <p class='ocr_par' dir='ltr' id='par_1_1' title="bbox 425 340 1540 412">
     <span class='ocr_line' id='line_1_1' title="bbox 425 340 1540 412; baseline -0.004 -10"><span class='ocrx_word' id='word_1_1' title='bbox 425 340 489 402; x_wconf 80' lang='grc'>376</span> <span class='ocrx_word' id='word_1_2' title='bbox 962 343 1042 398; x_wconf 84' lang='lat' dir='ltr'>LEX</span> <span class='ocrx_word' id='word_1_3' title='bbox 1065 341 1368 400; x_wconf 81' lang='lat' dir='ltr'>VISIGOTHORUM</span> <span class='ocrx_word' id='word_1_4' title='bbox 1391 342 1444 411; x_wconf 85' lang='lat' dir='ltr'>IX,</span> <span class='ocrx_word' id='word_1_5' title='bbox 1463 341 1493 412; x_wconf 81' lang='lat'>2,</span> <span class='ocrx_word' id='word_1_6' title='bbox 1511 343 1540 398; x_wconf 83' lang='grc'>9.</span> 
     </span>
    </p>
   </div>
   <div class='ocr_carea' id='block_1_2' title="bbox 267 527 2113 1362">
    <p class='ocr_par' dir='ltr' id='par_1_2' title="bbox 267 527 2113 1362">
     <span class='ocr_line' id='line_1_2' title="bbox 267 527 2084 616; baseline -0.004 -16"><span class='ocrx_word' id='word_1_7' title='bbox 267 543 405 614; x_wconf 59' lang='lat' dir='ltr'>[XM.</span> <span class='ocrx_word' id='word_1_8' title='bbox 424 544 518 596; x_wconf 72' lang='lat' dir='ltr'>Rene.</span> <span class='ocrx_word' id='word_1_9' title='bbox 532 541 628 594; x_wconf 80' lang='lat' dir='ltr'>deest.</span> <span class='ocrx_word' id='word_1_10' title='bbox 691 538 780 609; x_wconf 66' lang='lat' dir='ltr'>Bru]</span> <span class='ocrx_word' id='word_1_11' title='bbox 811 527 952 612; x_wconf 85' lang='lat' dir='ltr'><strong>exolvat,</strong></span> <span class='ocrx_word' id='word_1_12' title='bbox 975 541 1053 593; x_wconf 90' lang='lat' dir='ltr'>tunc</span> <span class='ocrx_word' id='word_1_13' title='bbox 1076 530 1166 614; x_wconf 92' lang='lat' dir='ltr'>regie</span> <span class='ocrx_word' id='word_1_14' title='bbox 1190 530 1343 616; x_wconf 83' lang='lat' dir='ltr'>potestati</span> <span class='ocrx_word' id='word_1_15' title='bbox 1366 529 1408 593; x_wconf 88' lang='lat' dir='ltr'>sit</span> <span class='ocrx_word' id='word_1_16' title='bbox 1437 529 1562 594; x_wconf 91' lang='lat' dir='ltr'>licitum</span> <span class='ocrx_word' id='word_1_17' title='bbox 1591 529 1775 594; x_wconf 89' lang='lat' dir='ltr'>huiusmodi</span> <span class='ocrx_word' id='word_1_18' title='bbox 1805 541 2084 616; x_wconf 77' lang='lat' dir='ltr'>transgressorem</span> 
     </span>
     <span class='ocr_line' id='line_1_3' title="bbox 691 633 2083 722; baseline -0.001 -22"><span class='ocrx_word' id='word_1_19' title='bbox 691 644 849 722; x_wconf 84' lang='lat' dir='ltr'>perpetue</span> <span class='ocrx_word' id='word_1_20' title='bbox 884 635 1033 700; x_wconf 88' lang='lat' dir='ltr'>servituti</span> <span class='ocrx_word' id='word_1_21' title='bbox 1070 633 1236 718; x_wconf 89' lang='lat' dir='ltr'>subicere,</span> <span class='ocrx_word' id='word_1_22' title='bbox 1273 645 1309 700; x_wconf 93' lang='lat' dir='ltr'>ut</span> <span class='ocrx_word' id='word_1_23' title='bbox 1346 635 1434 721; x_wconf 91' lang='lat' dir='ltr'>quod</span> <span class='ocrx_word' id='word_1_24' title='bbox 1471 635 1511 700; x_wconf 92' lang='lat' dir='ltr'>de</span> <span class='ocrx_word' id='word_1_25' title='bbox 1550 657 1587 699; x_wconf 94' lang='lat' dir='ltr'>eo</span> <span class='ocrx_word' id='word_1_26' title='bbox 1625 636 1756 722; x_wconf 91' lang='lat' dir='ltr'>suisque</span> <span class='ocrx_word' id='word_1_27' title='bbox 1792 635 1892 701; x_wconf 91' lang='lat' dir='ltr'>rebus</span> <span class='ocrx_word' id='word_1_28' title='bbox 1929 635 2083 700; x_wconf 89' lang='lat' dir='ltr'>ordinare</span> 
     </span>
     <span class='ocr_line' id='line_1_4' title="bbox 692 740 2083 829; baseline 0 -23"><span class='ocrx_word' id='word_1_29' title='bbox 692 742 892 824; x_wconf 89' lang='lat' dir='ltr'>decreverit,</span> <span class='ocrx_word' id='word_1_30' title='bbox 928 740 1049 806; x_wconf 90' lang='lat' dir='ltr'>habeat</span> <span class='ocrx_word' id='word_1_31' title='bbox 1083 743 1153 806; x_wconf 90' lang='lat' dir='ltr'>sine</span> <span class='ocrx_word' id='word_1_32' title='bbox 1184 740 1283 806; x_wconf 92' lang='lat' dir='ltr'>dubio</span> <span class='ocrx_word' id='word_1_33' title='bbox 1314 751 1517 829; x_wconf 88' lang='lat' dir='ltr'>potestatem.</span> <span class='ocrx_word' id='word_1_34' title='bbox 1574 741 1651 806; x_wconf 89' lang='lat' dir='ltr'>Illos</span> <span class='ocrx_word' id='word_1_35' title='bbox 1682 764 1760 806; x_wconf 88' lang='lat' dir='ltr'>sane</span> <span class='ocrx_word' id='word_1_36' title='bbox 1791 740 1833 806; x_wconf 92' lang='lat' dir='ltr'>ab</span> <span class='ocrx_word' id='word_1_37' title='bbox 1864 742 1962 806; x_wconf 91' lang='lat' dir='ltr'>huius</span> <span class='ocrx_word' id='word_1_38' title='bbox 2000 742 2083 828; x_wconf 92' lang='lat' dir='ltr'>legis</span> 
     </span>
     <span class='ocr_line' id='line_1_5' title="bbox 692 847 2084 936; baseline -0.001 -22"><span class='ocrx_word' id='word_1_39' title='bbox 692 850 854 914; x_wconf 90' lang='lat' dir='ltr'>sententia</span> <span class='ocrx_word' id='word_1_40' title='bbox 876 848 1082 914; x_wconf 89' lang='lat' dir='ltr'>decernimus</span> <span class='ocrx_word' id='word_1_41' title='bbox 1105 870 1297 935; x_wconf 90' lang='lat' dir='ltr'>permanere</span> <span class='ocrx_word' id='word_1_42' title='bbox 1320 849 1488 930; x_wconf 88' lang='lat' dir='ltr'>innocuos,</span> <span class='ocrx_word' id='word_1_43' title='bbox 1514 871 1594 934; x_wconf 89' lang='lat' dir='ltr'>quos</span> <span class='ocrx_word' id='word_1_44' title='bbox 1618 858 1674 913; x_wconf 88' lang='lat' dir='ltr'>aut</span> <span class='ocrx_word' id='word_1_45' title='bbox 1697 848 1887 936; x_wconf 88' lang='lat' dir='ltr'>principalis</span> <span class='ocrx_word' id='word_1_46' title='bbox 1903 847 2084 913; x_wconf 85' lang='lat' dir='ltr'>absolverit</span> 
     </span>
     <span class='ocr_line' id='line_1_6' title="bbox 691 953 2113 1042; baseline -0.001 -22"><span class='ocrx_word' id='word_1_47' title='bbox 691 957 801 1039; x_wconf 87' lang='lat' dir='ltr'>iussio,</span> <span class='ocrx_word' id='word_1_48' title='bbox 826 966 882 1020; x_wconf 92' lang='lat' dir='ltr'>aut</span> <span class='ocrx_word' id='word_1_49' title='bbox 904 955 1038 1019; x_wconf 91' lang='lat' dir='ltr'>minoris</span> <span class='ocrx_word' id='word_1_50' title='bbox 1062 953 1168 1019; x_wconf 89' lang='lat' dir='ltr'>adhuc</span> <span class='ocrx_word' id='word_1_51' title='bbox 1191 955 1362 1020; x_wconf 87' lang='lat' dir='ltr'>retinuerit</span> <span class='ocrx_word' id='word_1_52' title='bbox 1385 957 1479 1020; x_wconf 89' lang='lat' dir='ltr'>etatis</span> <span class='ocrx_word' id='word_1_53' title='bbox 1503 965 1630 1042; x_wconf 88' lang='lat' dir='ltr'>tempus</span> <span class='ocrx_word' id='word_1_54' title='bbox 1653 964 1709 1019; x_wconf 87' lang='lat' dir='ltr'>aut</span> <span class='ocrx_word' id='word_1_55' title='bbox 1730 956 1906 1020; x_wconf 82' lang='lat' dir='ltr'>senectutis</span> <span class='ocrx_word' id='word_1_56' title='bbox 1922 966 2113 1039; x_wconf 83' lang='lat' dir='ltr'>vetustas,s</span> 
     </span>
     <span class='ocr_line' id='line_1_7' title="bbox 690 1060 2082 1148; baseline 0 -22"><span class='ocrx_word' id='word_1_57' title='bbox 690 1062 745 1126; x_wconf 87' lang='lat' dir='ltr'>vel</span> <span class='ocrx_word' id='word_1_58' title='bbox 768 1063 867 1127; x_wconf 88' lang='lat' dir='ltr'>etiam</span> <span class='ocrx_word' id='word_1_59' title='bbox 890 1060 1083 1148; x_wconf 71' lang='lat' dir='ltr'>egritudinis</span> <span class='ocrx_word' id='word_1_60' title='bbox 1107 1063 1264 1147; x_wconf 88' lang='lat' dir='ltr'>cuiusque</span> <span class='ocrx_word' id='word_1_61' title='bbox 1287 1060 1425 1147; x_wconf 86' lang='lat' dir='ltr'>gravida</span> <span class='ocrx_word' id='word_1_62' title='bbox 1448 1063 1640 1148; x_wconf 81' lang='lat' dir='ltr'>represserit</span> <span class='ocrx_word' id='word_1_63' title='bbox 1670 1061 1781 1126; x_wconf 91' lang='lat' dir='ltr'>moles.</span> <span class='ocrx_word' id='word_1_64' title='bbox 1835 1063 1871 1127; x_wconf 89' lang='lat' dir='ltr'>Si</span> <span class='ocrx_word' id='word_1_65' title='bbox 1901 1071 2014 1126; x_wconf 89' lang='lat' dir='ltr'>tamen</span> <span class='ocrx_word' id='word_1_66' title='bbox 2045 1064 2082 1144; x_wconf 90' lang='lat' dir='ltr'>is,</span> 
     </span>
     <span class='ocr_line' id='line_1_8' title="bbox 692 1167 2081 1256; baseline 0 -23"><span class='ocrx_word' id='word_1_67' title='bbox 692 1170 749 1256; x_wconf 90' lang='lat' dir='ltr'>qui</span> <span class='ocrx_word' id='word_1_68' title='bbox 772 1168 955 1255; x_wconf 87' lang='lat' dir='ltr'>egritudine</span> <span class='ocrx_word' id='word_1_69' title='bbox 978 1168 1076 1232; x_wconf 90' lang='lat' dir='ltr'>fuerit</span> <span class='ocrx_word' id='word_1_70' title='bbox 1098 1179 1322 1254; x_wconf 81' lang='lat' dir='ltr'>pregravatus,</span> <span class='ocrx_word' id='word_1_71' title='bbox 1345 1190 1407 1254; x_wconf 90' lang='lat' dir='ltr'>per</span> <span class='ocrx_word' id='word_1_72' title='bbox 1428 1167 1609 1254; x_wconf 89' lang='lat' dir='ltr'>legitimum</span> <span class='ocrx_word' id='word_1_73' title='bbox 1632 1177 1748 1233; x_wconf 90' lang='lat' dir='ltr'>testem</span> <span class='ocrx_word' id='word_1_74' title='bbox 1771 1167 1912 1255; x_wconf 88' lang='lat' dir='ltr'>probare</span> <span class='ocrx_word' id='word_1_75' title='bbox 1929 1170 2081 1254; x_wconf 87' lang='lat' dir='ltr'>potuerit,</span> 
     </span>
     <span class='ocr_line' id='line_1_9' title="bbox 691 1273 2082 1362; baseline 0.001 -23"><span class='ocrx_word' id='word_1_76' title='bbox 691 1277 770 1362; x_wconf 88' lang='lat' dir='ltr'>quia</span> <span class='ocrx_word' id='word_1_77' title='bbox 791 1298 850 1362; x_wconf 93' lang='lat' dir='ltr'>pre</span> <span class='ocrx_word' id='word_1_78' title='bbox 877 1274 1069 1361; x_wconf 83' lang='lat' dir='ltr'>egritudinis</span> <span class='ocrx_word' id='word_1_79' title='bbox 1099 1273 1256 1360; x_wconf 89' lang='lat' dir='ltr'>languore</span> <span class='ocrx_word' id='word_1_80' title='bbox 1287 1276 1320 1338; x_wconf 91' lang='lat' dir='ltr'>in</span> <span class='ocrx_word' id='word_1_81' title='bbox 1350 1276 1531 1340; x_wconf 88' lang='lat' dir='ltr'>exercitum</span> <span class='ocrx_word' id='word_1_82' title='bbox 1560 1274 1724 1362; x_wconf 91' lang='lat' dir='ltr'>proficisci</span> <span class='ocrx_word' id='word_1_83' title='bbox 1754 1276 1919 1361; x_wconf 89' lang='lat' dir='ltr'>nequivit,</span> <span class='ocrx_word' id='word_1_84' title='bbox 1952 1298 2082 1340; x_wconf 91' lang='lat' dir='ltr'>omnem</span> 
     </span>
    </p>
   </div>
   <div class='ocr_carea' id='block_1_3' title="bbox 899 1515 2124 4470">
    <p class='ocr_par' dir='ltr' id='par_1_3' title="bbox 899 1515 2124 4470">
     <span class='ocr_line' id='line_1_10' title="bbox 905 1515 2103 1588; baseline 0.003 -18"><span class='ocrx_word' id='word_1_85' title='bbox 905 1521 1001 1570; x_wconf 89' lang='lat' dir='ltr'>tamen</span> <span class='ocrx_word' id='word_1_86' title='bbox 1025 1515 1052 1569; x_wconf 93' lang='lat' dir='ltr'>in</span> <span class='ocrx_word' id='word_1_87' title='bbox 1076 1515 1128 1570; x_wconf 89' lang='lat' dir='ltr'>hac</span> <span class='ocrx_word' id='word_1_88' title='bbox 1153 1516 1252 1571; x_wconf 88' lang='lat' dir='ltr'>eadem</span> <span class='ocrx_word' id='word_1_89' title='bbox 1274 1515 1472 1587; x_wconf 85' lang='lat' dir='ltr'>progressione</span> <span class='ocrx_word' id='word_1_90' title='bbox 1497 1523 1553 1570; x_wconf 92' lang='lat' dir='ltr'>tam</span> <span class='ocrx_word' id='word_1_91' title='bbox 1577 1517 1605 1569; x_wconf 90' lang='lat' dir='ltr'>in</span> <span class='ocrx_word' id='word_1_92' title='bbox 1629 1517 1761 1572; x_wconf 78' lang='lat' dir='ltr'>rusiorum</span> <span class='ocrx_word' id='word_1_93' title='bbox 1785 1535 1870 1588; x_wconf 88' lang='lat' dir='ltr'>quarn</span> <span class='ocrx_word' id='word_1_94' title='bbox 1893 1517 1922 1570; x_wconf 91' lang='lat' dir='ltr'>in</span> <span class='ocrx_word' id='word_1_95' title='bbox 1943 1517 2081 1572; x_wconf 89' lang='lat' dir='ltr'>minorum</span> <span class='ocrx_word' id='word_1_96' title='bbox 2101 1569 2103 1573; x_wconf 77' lang='grc'>,</span> 
     </span>
     <span class='ocr_line' id='line_1_11' title="bbox 905 1622 2124 1695; baseline 0.002 -19"><span class='ocrx_word' id='word_1_97' title='bbox 905 1623 1032 1693; x_wconf 90' lang='lat' dir='ltr'>personis</span> <span class='ocrx_word' id='word_1_98' title='bbox 1057 1629 1100 1677; x_wconf 87' lang='lat' dir='ltr'>cst</span> <span class='ocrx_word' id='word_1_99' title='bbox 1124 1623 1342 1690; x_wconf 90' lang='lat' dir='ltr'>observandum,</span> <span class='ocrx_word' id='word_1_100' title='bbox 1366 1629 1408 1689; x_wconf 92' lang='lat' dir='ltr'>ut,</span> <span class='ocrx_word' id='word_1_101' title='bbox 1440 1623 1463 1676; x_wconf 91' lang='lat' dir='ltr'>si</span> <span class='ocrx_word' id='word_1_102' title='bbox 1488 1622 1608 1694; x_wconf 85' lang='lat' dir='ltr'>quilibet</span> <span class='ocrx_word' id='word_1_103' title='bbox 1633 1624 1685 1678; x_wconf 90' lang='lat' dir='ltr'>sub</span> <span class='ocrx_word' id='word_1_104' title='bbox 1709 1623 1788 1695; x_wconf 85' lang='lat' dir='ltr'>gravi</span> <span class='ocrx_word' id='word_1_105' title='bbox 1819 1623 1982 1695; x_wconf 87' lang='lat' dir='ltr'>egritudine</span> <span class='ocrx_word' id='word_1_106' title='bbox 2014 1642 2080 1679; x_wconf 91' lang='lat' dir='ltr'>con·</span> <span class='ocrx_word' id='word_1_107' title='bbox 2100 1641 2124 1679; x_wconf 86' lang='lat' dir='ltr'>ro</span> 
     </span>
     <span class='ocr_line' id='line_1_12' title="bbox 905 1728 2081 1800; baseline 0.002 -18"><span class='ocrx_word' id='word_1_108' title='bbox 905 1730 1009 1783; x_wconf 90' lang='lat' dir='ltr'>sistens</span> <span class='ocrx_word' id='word_1_109' title='bbox 1032 1729 1110 1782; x_wconf 91' lang='lat' dir='ltr'>nullo</span> <span class='ocrx_word' id='word_1_110' title='bbox 1132 1729 1214 1784; x_wconf 87' lang='lat' dir='ltr'>modo</span> <span class='ocrx_word' id='word_1_111' title='bbox 1237 1728 1434 1800; x_wconf 87' lang='lat' dir='ltr'>proficiscendi</span> <span class='ocrx_word' id='word_1_112' title='bbox 1463 1730 1571 1785; x_wconf 87' lang='lat' dir='ltr'>habeat</span> <span class='ocrx_word' id='word_1_113' title='bbox 1600 1729 1685 1798; x_wconf 90' lang='lat' dir='ltr'>vires,</span> <span class='ocrx_word' id='word_1_114' title='bbox 1716 1729 1812 1785; x_wconf 88' lang='lat' dir='ltr'>statim</span> <span class='ocrx_word' id='word_1_115' title='bbox 1842 1731 1895 1785; x_wconf 90' lang='lat' dir='ltr'>loci</span> <span class='ocrx_word' id='word_1_116' title='bbox 1927 1731 2005 1784; x_wconf 91' lang='lat' dir='ltr'>illius</span> <span class='ocrx_word' id='word_1_117' title='bbox 2035 1731 2081 1786; x_wconf 82' lang='lat' dir='ltr'>rel</span> 
     </span>
     <span class='ocr_line' id='line_1_13' title="bbox 905 1836 2080 1908; baseline 0.002 -18"><span class='ocrx_word' id='word_1_118' title='bbox 905 1837 1038 1890; x_wconf 90' lang='lat' dir='ltr'>territorii</span> <span class='ocrx_word' id='word_1_119' title='bbox 1064 1837 1226 1908; x_wconf 90' lang='lat' dir='ltr'>episcopum</span> <span class='ocrx_word' id='word_1_120' title='bbox 1250 1837 1285 1890; x_wconf 91' lang='lat' dir='ltr'>ad</span> <span class='ocrx_word' id='word_1_121' title='bbox 1309 1854 1359 1891; x_wconf 90' lang='lat' dir='ltr'>sue</span> <span class='ocrx_word' id='word_1_122' title='bbox 1377 1836 1544 1908; x_wconf 88' lang='lat' dir='ltr'>egritudinis</span> <span class='ocrx_word' id='word_1_123' title='bbox 1568 1837 1771 1908; x_wconf 82' lang='lat' dir='ltr'>inspiciendam</span> <span class='ocrx_word' id='word_1_124' title='bbox 1786 1837 1944 1892; x_wconf 84' lang='lat' dir='ltr'>molestiam</span> <span class='ocrx_word' id='word_1_125' title='bbox 1961 1839 2080 1893; x_wconf 81' lang='lat' dir='ltr'>venien·</span> 
     </span>
     <span class='ocr_line' id='line_1_14' title="bbox 908 1943 2081 2015; baseline 0.001 -18"><span class='ocrx_word' id='word_1_126' title='bbox 908 1944 974 1997; x_wconf 91' lang='lat' dir='ltr'>dum</span> <span class='ocrx_word' id='word_1_127' title='bbox 999 1950 1133 2014; x_wconf 72' lang='lat' dir='ltr'>exoptet,</span> <span class='ocrx_word' id='word_1_128' title='bbox 1159 1944 1199 1998; x_wconf 91' lang='lat' dir='ltr'>ita</span> <span class='ocrx_word' id='word_1_129' title='bbox 1223 1943 1356 1998; x_wconf 88' lang='lat' dir='ltr'>utillum</span> <span class='ocrx_word' id='word_1_130' title='bbox 1380 1962 1414 1998; x_wconf 85' lang='lat' dir='ltr'>ex</span> <span class='ocrx_word' id='word_1_131' title='bbox 1439 1943 1578 2014; x_wconf 87' lang='lat' dir='ltr'>episcopis</span> <span class='ocrx_word' id='word_1_132' title='bbox 1608 1943 1798 2014; x_wconf 87' lang='lat' dir='ltr'>inspectorem</span> <span class='ocrx_word' id='word_1_133' title='bbox 1828 1961 1879 1998; x_wconf 91' lang='lat' dir='ltr'>sue</span> <span class='ocrx_word' id='word_1_134' title='bbox 1911 1944 2081 2015; x_wconf 87' lang='lat' dir='ltr'>egritudinis</span> 
     </span>
     <span class='ocr_line' id='line_1_15' title="bbox 906 2049 2081 2123; baseline 0.001 -20"><span class='ocrx_word' id='word_1_135' title='bbox 906 2051 1037 2116; x_wconf 82' lang='lat' dir='ltr'>advocet,</span> <span class='ocrx_word' id='word_1_136' title='bbox 1061 2051 1089 2104; x_wconf 92' lang='lat' dir='ltr'>in</span> <span class='ocrx_word' id='word_1_137' title='bbox 1113 2051 1192 2104; x_wconf 89' lang='lat' dir='ltr'>cuius</span> <span class='ocrx_word' id='word_1_138' title='bbox 1216 2051 1358 2106; x_wconf 90' lang='lat' dir='ltr'>territorio</span> <span class='ocrx_word' id='word_1_139' title='bbox 1381 2050 1427 2104; x_wconf 82' lang='lat' dir='ltr'>vel</span> <span class='ocrx_word' id='word_1_140' title='bbox 1450 2050 1595 2122; x_wconf 83' lang='lat' dir='ltr'>provincia</span> <span class='ocrx_word' id='word_1_141' title='bbox 1617 2056 1667 2104; x_wconf 88' lang='lat' dir='ltr'>aut</span> <span class='ocrx_word' id='word_1_142' title='bbox 1690 2049 1845 2105; x_wconf 88' lang='lat' dir='ltr'>infirmasse</span> <span class='ocrx_word' id='word_1_143' title='bbox 1873 2051 1898 2104; x_wconf 90' lang='lat' dir='ltr'>ei</span> <span class='ocrx_word' id='word_1_144' title='bbox 1927 2052 2081 2123; x_wconf 86' lang='lat' dir='ltr'>contigerit</span> 
     </span>
     <span class='ocr_line' id='line_1_16' title="bbox 906 2157 2124 2230; baseline 0 -19"><span class='ocrx_word' id='word_1_145' title='bbox 906 2163 955 2211; x_wconf 90' lang='lat' dir='ltr'>aut</span> <span class='ocrx_word' id='word_1_146' title='bbox 979 2157 1152 2223; x_wconf 87' lang='lat' dir='ltr'>immorasse,</span> <span class='ocrx_word' id='word_1_147' title='bbox 1176 2157 1223 2212; x_wconf 83' lang='lat' dir='ltr'>vel</span> <span class='ocrx_word' id='word_1_148' title='bbox 1248 2177 1282 2212; x_wconf 86' lang='lat' dir='ltr'>ex</span> <span class='ocrx_word' id='word_1_149' title='bbox 1305 2157 1421 2212; x_wconf 88' lang='lat' dir='ltr'>aliorum</span> <span class='ocrx_word' id='word_1_150' title='bbox 1445 2157 1587 2212; x_wconf 90' lang='lat' dir='ltr'>territorio</span> <span class='ocrx_word' id='word_1_151' title='bbox 1610 2157 1760 2212; x_wconf 82' lang='lat' dir='ltr'>advenisse</span> <span class='ocrx_word' id='word_1_152' title='bbox 1791 2157 1955 2230; x_wconf 84' lang='lat' dir='ltr'>contigerit.</span> <span class='ocrx_word' id='word_1_153' title='bbox 2011 2158 2081 2212; x_wconf 83' lang='lat' dir='ltr'>Nam</span> <span class='ocrx_word' id='word_1_154' title='bbox 2101 2173 2124 2211; x_wconf 80' lang='lat' dir='ltr'>ro</span> 
     </span>
     <span class='ocr_line' id='line_1_17' title="bbox 905 2263 2081 2335; baseline 0.002 -18"><span class='ocrx_word' id='word_1_155' title='bbox 905 2281 960 2318; x_wconf 92' lang='lat' dir='ltr'>non</span> <span class='ocrx_word' id='word_1_156' title='bbox 985 2263 1068 2318; x_wconf 88' lang='lat' dir='ltr'>aliter</span> <span class='ocrx_word' id='word_1_157' title='bbox 1099 2264 1140 2318; x_wconf 89' lang='lat' dir='ltr'>eis</span> <span class='ocrx_word' id='word_1_158' title='bbox 1171 2269 1215 2318; x_wconf 91' lang='lat' dir='ltr'>cst</span> <span class='ocrx_word' id='word_1_159' title='bbox 1245 2264 1428 2331; x_wconf 90' lang='lat' dir='ltr'>credendum,</span> <span class='ocrx_word' id='word_1_160' title='bbox 1459 2265 1513 2318; x_wconf 90' lang='lat' dir='ltr'>nisi</span> <span class='ocrx_word' id='word_1_161' title='bbox 1542 2271 1592 2318; x_wconf 89' lang='lat' dir='ltr'>aut</span> <span class='ocrx_word' id='word_1_162' title='bbox 1623 2265 1817 2335; x_wconf 89' lang='lat' dir='ltr'>episcoporum</span> <span class='ocrx_word' id='word_1_163' title='bbox 1846 2265 2021 2332; x_wconf 89' lang='lat' dir='ltr'>testimonio,</span> <span class='ocrx_word' id='word_1_164' title='bbox 2053 2267 2081 2320; x_wconf 92' lang='lat' dir='ltr'>in</span> 
     </span>
     <span class='ocr_line' id='line_1_18' title="bbox 906 2369 2080 2440; baseline 0.004 -18"><span class='ocrx_word' id='word_1_165' title='bbox 906 2387 1023 2440; x_wconf 88' lang='lat' dir='ltr'>quorum</span> <span class='ocrx_word' id='word_1_166' title='bbox 1046 2371 1195 2424; x_wconf 86' lang='lat' dir='ltr'>territoriis</span> <span class='ocrx_word' id='word_1_167' title='bbox 1219 2371 1374 2425; x_wconf 88' lang='lat' dir='ltr'>dinoscitur</span> <span class='ocrx_word' id='word_1_168' title='bbox 1396 2369 1561 2439; x_wconf 83' lang='lat' dir='ltr'>infirmasse,</span> <span class='ocrx_word' id='word_1_169' title='bbox 1586 2372 1764 2426; x_wconf 86' lang='lat' dir='ltr'>iurisiurandi</span> <span class='ocrx_word' id='word_1_170' title='bbox 1788 2371 1875 2428; x_wconf 87' lang='lat' dir='ltr'>fuerit</span> <span class='ocrx_word' id='word_1_171' title='bbox 1891 2374 2080 2427; x_wconf 87' lang='lat' dir='ltr'>attestatione</span> 
     </span>
     <span class='ocr_line' id='line_1_19' title="bbox 905 2475 2080 2551; baseline 0.004 -22"><span class='ocrx_word' id='word_1_172' title='bbox 905 2475 1055 2544; x_wconf 89' lang='lat' dir='ltr'>finnatum,</span> <span class='ocrx_word' id='word_1_173' title='bbox 1080 2483 1129 2531; x_wconf 88' lang='lat' dir='ltr'>aut</span> <span class='ocrx_word' id='word_1_174' title='bbox 1161 2495 1257 2532; x_wconf 90' lang='lat' dir='ltr'>corum</span> <span class='ocrx_word' id='word_1_175' title='bbox 1287 2479 1455 2545; x_wconf 88' lang='lat' dir='ltr'>iuramento,</span> <span class='ocrx_word' id='word_1_176' title='bbox 1487 2495 1558 2549; x_wconf 91' lang='lat' dir='ltr'>quos</span> <span class='ocrx_word' id='word_1_177' title='bbox 1588 2477 1675 2532; x_wconf 89' lang='lat' dir='ltr'>iidem</span> <span class='ocrx_word' id='word_1_178' title='bbox 1706 2479 1831 2551; x_wconf 85' lang='lat' dir='ltr'>episcopi</span> <span class='ocrx_word' id='word_1_179' title='bbox 1860 2479 1924 2534; x_wconf 85' lang='lat' dir='ltr'>vice</span> <span class='ocrx_word' id='word_1_180' title='bbox 1956 2498 2009 2534; x_wconf 90' lang='lat' dir='ltr'>sua</span> <span class='ocrx_word' id='word_1_181' title='bbox 2038 2481 2080 2534; x_wconf 88' lang='lat' dir='ltr'>iu-</span> 
     </span>
     <span class='ocr_line' id='line_1_20' title="bbox 905 2583 2081 2657; baseline 0.004 -21"><span class='ocrx_word' id='word_1_182' title='bbox 905 2591 1052 2654; x_wconf 88' lang='lat' dir='ltr'>spectorcs</span> <span class='ocrx_word' id='word_1_183' title='bbox 1076 2584 1241 2652; x_wconf 81' lang='lat' dir='ltr'>direxerint,</span> <span class='ocrx_word' id='word_1_184' title='bbox 1265 2584 1353 2638; x_wconf 84' lang='lat' dir='ltr'>fuerit</span> <span class='ocrx_word' id='word_1_185' title='bbox 1377 2585 1589 2655; x_wconf 89' lang='lat' dir='ltr'>conprobatum.</span> <span class='ocrx_word' id='word_1_186' title='bbox 1638 2583 1693 2648; x_wconf 87' lang='lat' dir='ltr'>Qui</span> <span class='ocrx_word' id='word_1_187' title='bbox 1723 2593 1818 2640; x_wconf 88' lang='lat' dir='ltr'>tamen</span> <span class='ocrx_word' id='word_1_188' title='bbox 1850 2586 1977 2657; x_wconf 85' lang='lat' dir='ltr'>episcopi</span> <span class='ocrx_word' id='word_1_189' title='bbox 2009 2587 2081 2641; x_wconf 85' lang='lat' dir='ltr'>hanc</span> 
     </span>
     <span class='ocr_line' id='line_1_21' title="bbox 907 2690 2124 2764; baseline 0.001 -20"><span class='ocrx_word' id='word_1_190' title='bbox 907 2691 942 2744; x_wconf 90' lang='lat' dir='ltr'>dc</span> <span class='ocrx_word' id='word_1_191' title='bbox 969 2690 1073 2744; x_wconf 88' lang='lat' dir='ltr'>talibus</span> <span class='ocrx_word' id='word_1_192' title='bbox 1098 2709 1192 2745; x_wconf 89' lang='lat' dir='ltr'>curam</span> <span class='ocrx_word' id='word_1_193' title='bbox 1215 2691 1350 2759; x_wconf 85' lang='lat' dir='ltr'>habeant,</span> <span class='ocrx_word' id='word_1_194' title='bbox 1376 2698 1407 2745; x_wconf 88' lang='lat' dir='ltr'>ut</span> <span class='ocrx_word' id='word_1_195' title='bbox 1432 2691 1608 2763; x_wconf 85' lang='lat' dir='ltr'>egritudines</span> <span class='ocrx_word' id='word_1_196' title='bbox 1632 2709 1727 2746; x_wconf 91' lang='lat' dir='ltr'>eorum</span> <span class='ocrx_word' id='word_1_197' title='bbox 1750 2699 1800 2747; x_wconf 88' lang='lat' dir='ltr'>aut</span> <span class='ocrx_word' id='word_1_198' title='bbox 1823 2712 1876 2764; x_wconf 91' lang='lat' dir='ltr'>per</span> <span class='ocrx_word' id='word_1_199' title='bbox 1898 2711 1930 2748; x_wconf 89' lang='lat' dir='ltr'>se</span> <span class='ocrx_word' id='word_1_200' title='bbox 1955 2700 2006 2748; x_wconf 85' lang='lat' dir='ltr'>aut</span> <span class='ocrx_word' id='word_1_201' title='bbox 2030 2711 2082 2764; x_wconf 91' lang='lat' dir='ltr'>per</span> <span class='ocrx_word' id='word_1_202' title='bbox 2099 2707 2124 2745; x_wconf 80' lang='lat' dir='ltr'>so</span> 
     </span>
     <span class='ocr_line' id='line_1_22' title="bbox 906 2797 2079 2871; baseline 0.003 -21"><span class='ocrx_word' id='word_1_203' title='bbox 906 2797 1035 2852; x_wconf 85' lang='lat' dir='ltr'>subditos</span> <span class='ocrx_word' id='word_1_204' title='bbox 1059 2797 1213 2868; x_wconf 88' lang='lat' dir='ltr'>diligenter</span> <span class='ocrx_word' id='word_1_205' title='bbox 1236 2797 1397 2868; x_wconf 84' lang='lat' dir='ltr'>inspiciant,</span> <span class='ocrx_word' id='word_1_206' title='bbox 1428 2799 1450 2852; x_wconf 89' lang='lat' dir='ltr'>si</span> <span class='ocrx_word' id='word_1_207' title='bbox 1482 2807 1531 2853; x_wconf 86' lang='lat' dir='ltr'>aut</span> <span class='ocrx_word' id='word_1_208' title='bbox 1560 2797 1699 2869; x_wconf 87' lang='lat' dir='ltr'>proficisci</span> <span class='ocrx_word' id='word_1_209' title='bbox 1730 2798 1806 2853; x_wconf 91' lang='lat' dir='ltr'>nullo</span> <span class='ocrx_word' id='word_1_210' title='bbox 1836 2801 1919 2855; x_wconf 91' lang='lat' dir='ltr'>modo</span> <span class='ocrx_word' id='word_1_211' title='bbox 1949 2807 2079 2871; x_wconf 89' lang='lat' dir='ltr'>possunt,</span> 
     </span>
     <span class='ocr_line' id='line_1_23' title="bbox 906 2903 2080 2976; baseline 0.002 -18"><span class='ocrx_word' id='word_1_212' title='bbox 906 2911 956 2958; x_wconf 85' lang='lat' dir='ltr'>aut</span> <span class='ocrx_word' id='word_1_213' title='bbox 980 2905 1002 2957; x_wconf 90' lang='lat' dir='ltr'>si</span> <span class='ocrx_word' id='word_1_214' title='bbox 1026 2911 1091 2976; x_wconf 87' lang='lat' dir='ltr'>post</span> <span class='ocrx_word' id='word_1_215' title='bbox 1118 2904 1226 2975; x_wconf 89' lang='lat' dir='ltr'>aliquos</span> <span class='ocrx_word' id='word_1_216' title='bbox 1257 2905 1318 2959; x_wconf 87' lang='lat' dir='ltr'>dies</span> <span class='ocrx_word' id='word_1_217' title='bbox 1348 2905 1458 2976; x_wconf 89' lang='lat' dir='ltr'>possint</span> <span class='ocrx_word' id='word_1_218' title='bbox 1488 2903 1606 2960; x_wconf 86' lang='lat' dir='ltr'>definite</span> <span class='ocrx_word' id='word_1_219' title='bbox 1638 2923 1804 2960; x_wconf 88' lang='lat' dir='ltr'>concurrere</span> <span class='ocrx_word' id='word_1_220' title='bbox 1836 2907 1872 2960; x_wconf 88' lang='lat' dir='ltr'>ad</span> <span class='ocrx_word' id='word_1_221' title='bbox 1903 2907 2080 2974; x_wconf 86' lang='lat' dir='ltr'>bollandum,</span> 
     </span>
     <span class='ocr_line' id='line_1_24' title="bbox 904 3010 2079 3084; baseline 0.001 -19"><span class='ocrx_word' id='word_1_222' title='bbox 904 3011 931 3065; x_wconf 91' lang='lat' dir='ltr'>id</span> <span class='ocrx_word' id='word_1_223' title='bbox 958 3017 1012 3078; x_wconf 88' lang='lat' dir='ltr'>est,</span> <span class='ocrx_word' id='word_1_224' title='bbox 1037 3018 1191 3082; x_wconf 87' lang='lat' dir='ltr'>antequam</span> <span class='ocrx_word' id='word_1_225' title='bbox 1216 3012 1357 3066; x_wconf 88' lang='lat' dir='ltr'>exercitus</span> <span class='ocrx_word' id='word_1_226' title='bbox 1381 3013 1408 3066; x_wconf 90' lang='lat' dir='ltr'>in</span> <span class='ocrx_word' id='word_1_227' title='bbox 1431 3010 1572 3082; x_wconf 87' lang='lat' dir='ltr'>prefinitis</span> <span class='ocrx_word' id='word_1_228' title='bbox 1596 3012 1663 3067; x_wconf 87' lang='lat' dir='ltr'>locis</span> <span class='ocrx_word' id='word_1_229' title='bbox 1687 3012 1864 3083; x_wconf 89' lang='lat' dir='ltr'>ingrediatur</span> <span class='ocrx_word' id='word_1_230' title='bbox 1886 3014 1924 3067; x_wconf 85' lang='lat' dir='ltr'>ad</span> <span class='ocrx_word' id='word_1_231' title='bbox 1947 3013 2079 3084; x_wconf 90' lang='lat' dir='ltr'>prelium.</span> 
     </span>
     <span class='ocr_line' id='line_1_25' title="bbox 904 3118 2080 3190; baseline 0.003 -19"><span class='ocrx_word' id='word_1_232' title='bbox 904 3118 942 3171; x_wconf 85' lang='lat' dir='ltr'>Et</span> <span class='ocrx_word' id='word_1_233' title='bbox 966 3119 1121 3172; x_wconf 89' lang='lat' dir='ltr'>seeundum</span> <span class='ocrx_word' id='word_1_234' title='bbox 1146 3119 1221 3188; x_wconf 92' lang='lat' dir='ltr'>quod</span> <span class='ocrx_word' id='word_1_235' title='bbox 1246 3118 1342 3172; x_wconf 85' lang='lat' dir='ltr'>talium</span> <span class='ocrx_word' id='word_1_236' title='bbox 1374 3119 1550 3190; x_wconf 86' lang='lat' dir='ltr'>egritudines</span> <span class='ocrx_word' id='word_1_237' title='bbox 1580 3119 1714 3184; x_wconf 85' lang='lat' dir='ltr'>viderint,</span> <span class='ocrx_word' id='word_1_238' title='bbox 1746 3119 1868 3190; x_wconf 91' lang='lat' dir='ltr'>ipsorum</span> <span class='ocrx_word' id='word_1_239' title='bbox 1900 3125 1945 3174; x_wconf 89' lang='lat' dir='ltr'>est</span> <span class='ocrx_word' id='word_1_240' title='bbox 1975 3121 2080 3174; x_wconf 89' lang='lat' dir='ltr'>indicio</span> 
     </span>
     <span class='ocr_line' id='line_1_26' title="bbox 906 3225 2122 3298; baseline 0 -18"><span class='ocrx_word' id='word_1_241' title='bbox 906 3225 1147 3292; x_wconf 88' lang='lat' dir='ltr'>committendum,</span> <span class='ocrx_word' id='word_1_242' title='bbox 1178 3231 1272 3279; x_wconf 86' lang='lat' dir='ltr'>utrum</span> <span class='ocrx_word' id='word_1_243' title='bbox 1295 3225 1369 3279; x_wconf 90' lang='lat' dir='ltr'>domi</span> <span class='ocrx_word' id='word_1_244' title='bbox 1400 3225 1543 3296; x_wconf 86' lang='lat' dir='ltr'>sospitatis</span> <span class='ocrx_word' id='word_1_245' title='bbox 1574 3227 1665 3298; x_wconf 88' lang='lat' dir='ltr'>gratia</span> <span class='ocrx_word' id='word_1_246' title='bbox 1694 3228 1852 3297; x_wconf 89' lang='lat' dir='ltr'>reparande</span> <span class='ocrx_word' id='word_1_247' title='bbox 1884 3227 2078 3295; x_wconf 90' lang='lat' dir='ltr'>immorentur,</span> <span class='ocrx_word' id='word_1_248' title='bbox 2097 3241 2122 3280; x_wconf 80' lang='lat' dir='ltr'>co</span> 
     </span>
     <span class='ocr_line' id='line_1_27' title="bbox 905 3331 2079 3403; baseline 0.002 -17"><span class='ocrx_word' id='word_1_249' title='bbox 905 3350 940 3386; x_wconf 90' lang='lat' dir='ltr'>an</span> <span class='ocrx_word' id='word_1_250' title='bbox 964 3331 1103 3402; x_wconf 88' lang='lat' dir='ltr'>reparatis</span> <span class='ocrx_word' id='word_1_251' title='bbox 1127 3331 1232 3386; x_wconf 87' lang='lat' dir='ltr'>viribus</span> <span class='ocrx_word' id='word_1_252' title='bbox 1256 3331 1310 3385; x_wconf 90' lang='lat' dir='ltr'>illis</span> <span class='ocrx_word' id='word_1_253' title='bbox 1335 3333 1469 3402; x_wconf 88' lang='lat' dir='ltr'>expediat</span> <span class='ocrx_word' id='word_1_254' title='bbox 1496 3332 1712 3400; x_wconf 71' lang='lat' dir='ltr'>ambulandum,</span> <span class='ocrx_word' id='word_1_255' title='bbox 1744 3333 1868 3403; x_wconf 90' lang='lat' dir='ltr'>qualiter</span> <span class='ocrx_word' id='word_1_256' title='bbox 1897 3334 1951 3388; x_wconf 88' lang='lat' dir='ltr'>sub</span> <span class='ocrx_word' id='word_1_257' title='bbox 1984 3351 2079 3389; x_wconf 77' lang='lat' dir='ltr'>cortun</span> 
     </span>
     <span class='ocr_line' id='line_1_28' title="bbox 904 3439 2079 3511; baseline 0.002 -19"><span class='ocrx_word' id='word_1_258' title='bbox 904 3439 1099 3509; x_wconf 90' lang='lat' dir='ltr'>episcoporum</span> <span class='ocrx_word' id='word_1_259' title='bbox 1133 3439 1294 3493; x_wconf 88' lang='lat' dir='ltr'>testimonio</span> <span class='ocrx_word' id='word_1_260' title='bbox 1333 3445 1382 3492; x_wconf 87' lang='lat' dir='ltr'>aut</span> <span class='ocrx_word' id='word_1_261' title='bbox 1418 3439 1625 3510; x_wconf 88' lang='lat' dir='ltr'>egritudinibus</span> <span class='ocrx_word' id='word_1_262' title='bbox 1662 3457 1756 3494; x_wconf 90' lang='lat' dir='ltr'>eorum</span> <span class='ocrx_word' id='word_1_263' title='bbox 1794 3441 2009 3511; x_wconf 88' lang='lat' dir='ltr'>compatiamur,</span> <span class='ocrx_word' id='word_1_264' title='bbox 2048 3447 2079 3494; x_wconf 89' lang='lat' dir='ltr'>ut</span> 
     </span>
     <span class='ocr_line' id='line_1_29' title="bbox 903 3545 2079 3618; baseline 0.002 -18"><span class='ocrx_word' id='word_1_265' title='bbox 903 3546 1059 3612; x_wconf 85' lang='lat' dir='ltr'>concedat,</span> <span class='ocrx_word' id='word_1_266' title='bbox 1096 3551 1145 3600; x_wconf 85' lang='lat' dir='ltr'>aut</span> <span class='ocrx_word' id='word_1_267' title='bbox 1179 3545 1295 3612; x_wconf 87' lang='lat' dir='ltr'>vitium,</span> <span class='ocrx_word' id='word_1_268' title='bbox 1330 3546 1352 3599; x_wconf 90' lang='lat' dir='ltr'>si</span> <span class='ocrx_word' id='word_1_269' title='bbox 1383 3546 1435 3599; x_wconf 89' lang='lat' dir='ltr'>sub</span> <span class='ocrx_word' id='word_1_270' title='bbox 1466 3546 1627 3616; x_wconf 85' lang='lat' dir='ltr'>egritudine</span> <span class='ocrx_word' id='word_1_271' title='bbox 1663 3545 1793 3618; x_wconf 89' lang='lat' dir='ltr'>fingitur,</span> <span class='ocrx_word' id='word_1_272' title='bbox 1829 3565 2011 3613; x_wconf 86' lang='lat' dir='ltr'>resecemus,</span> <span class='ocrx_word' id='word_1_273' title='bbox 2048 3555 2079 3602; x_wconf 92' lang='lat' dir='ltr'>ut</span> 
     </span>
     <span class='ocr_line' id='line_1_30' title="bbox 901 3652 2077 3722; baseline 0.003 -16"><span class='ocrx_word' id='word_1_274' title='bbox 901 3652 1032 3722; x_wconf 78' lang='lat' dir='ltr'>placeat3</span> <span class='ocrx_word' id='word_1_275' title='bbox 1068 3653 1110 3706; x_wconf 92' lang='lat' dir='ltr'>ita</span> <span class='ocrx_word' id='word_1_276' title='bbox 1139 3659 1249 3719; x_wconf 87' lang='lat' dir='ltr'>tamen,</span> <span class='ocrx_word' id='word_1_277' title='bbox 1286 3659 1316 3705; x_wconf 87' lang='lat' dir='ltr'>ut</span> <span class='ocrx_word' id='word_1_278' title='bbox 1347 3653 1370 3705; x_wconf 88' lang='lat' dir='ltr'>si</span> <span class='ocrx_word' id='word_1_279' title='bbox 1401 3671 1431 3707; x_wconf 88' lang='lat' dir='ltr'>se</span> <span class='ocrx_word' id='word_1_280' title='bbox 1463 3653 1589 3722; x_wconf 87' lang='lat' dir='ltr'>quisquis</span> <span class='ocrx_word' id='word_1_281' title='bbox 1620 3653 1668 3708; x_wconf 89' lang='lat' dir='ltr'>ille</span> <span class='ocrx_word' id='word_1_282' title='bbox 1700 3653 1743 3708; x_wconf 85' lang='lat' dir='ltr'>ita</span> <span class='ocrx_word' id='word_1_283' title='bbox 1772 3653 1876 3708; x_wconf 89' lang='lat' dir='ltr'>viderit</span> <span class='ocrx_word' id='word_1_284' title='bbox 1912 3654 2077 3710; x_wconf 86' lang='lat' dir='ltr'>infirmitate</span> 
     </span>
     <span class='ocr_line' id='line_1_31' title="bbox 903 3758 2120 3830; baseline 0.002 -19"><span class='ocrx_word' id='word_1_285' title='bbox 903 3758 1058 3826; x_wconf 82' lang='lat' dir='ltr'>‹lefessum,</span> <span class='ocrx_word' id='word_1_286' title='bbox 1083 3765 1114 3813; x_wconf 87' lang='lat' dir='ltr'>ut</span> <span class='ocrx_word' id='word_1_287' title='bbox 1137 3758 1215 3812; x_wconf 89' lang='lat' dir='ltr'>nullo</span> <span class='ocrx_word' id='word_1_288' title='bbox 1239 3760 1321 3812; x_wconf 88' lang='lat' dir='ltr'>modo</span> <span class='ocrx_word' id='word_1_289' title='bbox 1348 3758 1485 3830; x_wconf 86' lang='lat' dir='ltr'>proficisci</span> <span class='ocrx_word' id='word_1_290' title='bbox 1515 3758 1610 3813; x_wconf 84' lang='lat' dir='ltr'>valeat</span> <span class='ocrx_word' id='word_1_291' title='bbox 1641 3761 1676 3814; x_wconf 90' lang='lat' dir='ltr'>ad</span> <span class='ocrx_word' id='word_1_292' title='bbox 1707 3760 1838 3830; x_wconf 90' lang='lat' dir='ltr'>prolium,</span> <span class='ocrx_word' id='word_1_293' title='bbox 1869 3761 2007 3816; x_wconf 88' lang='lat' dir='ltr'>virtutem</span> <span class='ocrx_word' id='word_1_294' title='bbox 2038 3763 2078 3817; x_wconf 87' lang='lat' dir='ltr'>rei</span> <span class='ocrx_word' id='word_1_295' title='bbox 2095 3774 2120 3813; x_wconf 77' lang='lat' dir='ltr'>so</span> 
     </span>
     <span class='ocr_line' id='line_1_32' title="bbox 902 3865 2077 3936; baseline 0.003 -18"><span class='ocrx_word' id='word_1_296' title='bbox 902 3883 952 3920; x_wconf 89' lang='lat' dir='ltr'>sue</span> <span class='ocrx_word' id='word_1_297' title='bbox 977 3866 1132 3920; x_wconf 90' lang='lat' dir='ltr'>secundum</span> <span class='ocrx_word' id='word_1_298' title='bbox 1156 3865 1228 3936; x_wconf 90' lang='lat' dir='ltr'>legis</span> <span class='ocrx_word' id='word_1_299' title='bbox 1251 3866 1333 3919; x_wconf 90' lang='lat' dir='ltr'>huius</span> <span class='ocrx_word' id='word_1_300' title='bbox 1364 3865 1570 3920; x_wconf 87' lang='lat' dir='ltr'>institutionem</span> <span class='ocrx_word' id='word_1_301' title='bbox 1600 3865 1629 3918; x_wconf 91' lang='lat' dir='ltr'>in</span> <span class='ocrx_word' id='word_1_302' title='bbox 1660 3866 1781 3936; x_wconf 90' lang='lat' dir='ltr'>publicis</span> <span class='ocrx_word' id='word_1_303' title='bbox 1812 3867 1986 3922; x_wconf 87' lang='lat' dir='ltr'>utilitatibus</span> <span class='ocrx_word' id='word_1_304' title='bbox 2017 3887 2077 3923; x_wconf 89' lang='lat' dir='ltr'>cum</span> 
     </span>
     <span class='ocr_line' id='line_1_33' title="bbox 902 3971 2076 4044; baseline 0.005 -19"><span class='ocrx_word' id='word_1_305' title='bbox 902 3973 974 4026; x_wconf 87' lang='lat' dir='ltr'>duce</span> <span class='ocrx_word' id='word_1_306' title='bbox 998 3972 1044 4027; x_wconf 90' lang='lat' dir='ltr'>vel</span> <span class='ocrx_word' id='word_1_307' title='bbox 1069 3973 1169 4028; x_wconf 89' lang='lat' dir='ltr'>comite</span> <span class='ocrx_word' id='word_1_308' title='bbox 1194 3989 1243 4025; x_wconf 88' lang='lat' dir='ltr'>suo</span> <span class='ocrx_word' id='word_1_309' title='bbox 1268 3972 1391 4043; x_wconf 84' lang='lat' dir='ltr'>dirigere</span> <span class='ocrx_word' id='word_1_310' title='bbox 1415 3989 1470 4026; x_wconf 90' lang='lat' dir='ltr'>nou</span> <span class='ocrx_word' id='word_1_311' title='bbox 1494 3979 1627 4027; x_wconf 89' lang='lat' dir='ltr'>moretur.</span> <span class='ocrx_word' id='word_1_312' title='bbox 1675 3971 1723 4026; x_wconf 89' lang='lat' dir='ltr'>Sin</span> <span class='ocrx_word' id='word_1_313' title='bbox 1754 3981 1850 4028; x_wconf 87' lang='lat' dir='ltr'>autem</span> <span class='ocrx_word' id='word_1_314' title='bbox 1881 3977 2017 4044; x_wconf 87' lang='lat' dir='ltr'>senserit,</span> <span class='ocrx_word' id='word_1_315' title='bbox 2047 3994 2076 4031; x_wconf 92' lang='lat' dir='ltr'>se</span> 
     </span>
     <span class='ocr_line' id='line_1_34' title="bbox 901 4079 2076 4152; baseline 0.003 -19"><span class='ocrx_word' id='word_1_316' title='bbox 901 4079 1035 4134; x_wconf 89' lang='lat' dir='ltr'>continuo</span> <span class='ocrx_word' id='word_1_317' title='bbox 1058 4079 1207 4146; x_wconf 89' lang='lat' dir='ltr'>meliorari,</span> <span class='ocrx_word' id='word_1_318' title='bbox 1233 4097 1294 4132; x_wconf 83' lang='lat' dir='ltr'>mox</span> <span class='ocrx_word' id='word_1_319' title='bbox 1318 4083 1350 4132; x_wconf 93' lang='lat' dir='ltr'>ut</span> <span class='ocrx_word' id='word_1_320' title='bbox 1374 4079 1498 4149; x_wconf 88' lang='lat' dir='ltr'>corporis</span> <span class='ocrx_word' id='word_1_321' title='bbox 1521 4080 1697 4150; x_wconf 86' lang='lat' dir='ltr'>reparaverit</span> <span class='ocrx_word' id='word_1_322' title='bbox 1721 4081 1804 4146; x_wconf 85' lang='lat' dir='ltr'>vires,</span> <span class='ocrx_word' id='word_1_323' title='bbox 1835 4081 1933 4135; x_wconf 87' lang='lat' dir='ltr'>statim</span> <span class='ocrx_word' id='word_1_324' title='bbox 1963 4100 2018 4152; x_wconf 90' lang='lat' dir='ltr'>per</span> <span class='ocrx_word' id='word_1_325' title='bbox 2046 4101 2076 4137; x_wconf 87' lang='lat' dir='ltr'>se</span> 
     </span>
     <span class='ocr_line' id='line_1_35' title="bbox 900 4185 2075 4259; baseline 0.003 -20"><span class='ocrx_word' id='word_1_326' title='bbox 900 4204 963 4239; x_wconf 90' lang='lat' dir='ltr'>curn</span> <span class='ocrx_word' id='word_1_327' title='bbox 983 4187 1057 4241; x_wconf 92' lang='lat' dir='ltr'>omni</span> <span class='ocrx_word' id='word_1_328' title='bbox 1080 4187 1186 4240; x_wconf 83' lang='lat' dir='ltr'>virtute</span> <span class='ocrx_word' id='word_1_329' title='bbox 1211 4203 1271 4252; x_wconf 88' lang='lat' dir='ltr'>sua,</span> <span class='ocrx_word' id='word_1_330' title='bbox 1296 4186 1451 4240; x_wconf 87' lang='lat' dir='ltr'>secuudum</span> <span class='ocrx_word' id='word_1_331' title='bbox 1469 4185 1543 4256; x_wconf 90' lang='lat' dir='ltr'>quod</span> <span class='ocrx_word' id='word_1_332' title='bbox 1559 4185 1631 4257; x_wconf 91' lang='lat' dir='ltr'>legis</span> <span class='ocrx_word' id='word_1_333' title='bbox 1647 4186 1730 4240; x_wconf 86' lang='lat' dir='ltr'>huius</span> <span class='ocrx_word' id='word_1_334' title='bbox 1746 4188 1891 4242; x_wconf 86' lang='lat' dir='ltr'>sanctione</span> <span class='ocrx_word' id='word_1_335' title='bbox 1908 4189 2075 4259; x_wconf 90' lang='lat' dir='ltr'>precipitur,</span> 
     </span>
     <span class='ocr_line' id='line_1_36' title="bbox 899 4291 2117 4374; baseline -0.001 -28"><span class='ocrx_word' id='word_1_336' title='bbox 899 4293 956 4346; x_wconf 87' lang='lat' dir='ltr'>illic</span> <span class='ocrx_word' id='word_1_337' title='bbox 980 4309 1035 4346; x_wconf 89' lang='lat' dir='ltr'>non</span> <span class='ocrx_word' id='word_1_338' title='bbox 1058 4299 1183 4346; x_wconf 89' lang='lat' dir='ltr'>moretur</span> <span class='ocrx_word' id='word_1_339' title='bbox 1207 4293 1372 4358; x_wconf 81' lang='lat' dir='ltr'>succedere,</span> <span class='ocrx_word' id='word_1_340' title='bbox 1402 4293 1450 4345; x_wconf 93' lang='lat' dir='ltr'>ubi</span> <span class='ocrx_word' id='word_1_341' title='bbox 1481 4291 1558 4345; x_wconf 85' lang='lat' dir='ltr'>novit</span> <span class='ocrx_word' id='word_1_342' title='bbox 1590 4311 1620 4347; x_wconf 89' lang='lat' dir='ltr'>sc</span> <span class='ocrx_word' id='word_1_343' title='bbox 1652 4293 1823 4374; x_wconf 83' lang='lat' dir='ltr'>admonitum</span> <span class='ocrx_word' id='word_1_344' title='bbox 1856 4295 2002 4351; x_wconf 87' lang='lat' dir='ltr'>exstitisse</span> <span class='ocrx_word' id='word_1_345' title='bbox 2032 4294 2077 4350; x_wconf 88' lang='lat' dir='ltr'>vel</span> <span class='ocrx_word' id='word_1_346' title='bbox 2094 4305 2117 4345; x_wconf 78' lang='lat' dir='ltr'>st</span> 
     </span>
     <span class='ocr_line' id='line_1_37' title="bbox 900 4399 1570 4470; baseline -0.001 -16"><span class='ocrx_word' id='word_1_347' title='bbox 900 4399 1054 4454; x_wconf 84' lang='lat' dir='ltr'>exercitum</span> <span class='ocrx_word' id='word_1_348' title='bbox 1078 4399 1243 4470; x_wconf 81' lang='lat' dir='ltr'>cognoverit</span> <span class='ocrx_word' id='word_1_349' title='bbox 1266 4405 1366 4469; x_wconf 86' lang='lat' dir='ltr'>postea</span> <span class='ocrx_word' id='word_1_350' title='bbox 1389 4415 1570 4470; x_wconf 85' lang='lat' dir='ltr'>properasse.</span> 
     </span>
    </p>
   </div>
   <div class='ocr_carea' id='block_1_4' title="bbox 419 4640 2116 5775">
    <p class='ocr_par' dir='ltr' id='par_1_4' title="bbox 419 4640 2116 5775">
     <span class='ocr_line' id='line_1_38' title="bbox 529 4640 2076 4710; baseline 0 -16"><span class='ocrx_word' id='word_1_351' title='bbox 529 4646 577 4705; x_wconf 85' lang='lat' dir='ltr'>IX,</span> <span class='ocrx_word' id='word_1_352' title='bbox 597 4649 621 4704; x_wconf 86' lang='lat'>2,</span> <span class='ocrx_word' id='word_1_353' title='bbox 642 4649 666 4696; x_wconf 83' lang='lat'>9.</span> <span class='ocrx_word' id='word_1_354' title='bbox 707 4647 723 4696; x_wconf 89' lang='lat' dir='ltr'>l.</span> <span class='ocrx_word' id='word_1_355' title='bbox 746 4649 768 4696; x_wconf 94' lang='lat'>1.</span> <span class='ocrx_word' id='word_1_356' title='bbox 794 4651 859 4696; x_wconf 89' lang='lat' dir='ltr'>tunc</span> <span class='ocrx_word' id='word_1_357' title='bbox 880 4668 911 4678; x_wconf 98' lang='lat'>-</span> <span class='ocrx_word' id='word_1_358' title='bbox 932 4640 1105 4710; x_wconf 75' lang='lat' dir='ltr'>potestatem!</span> <span class='ocrx_word' id='word_1_359' title='bbox 1125 4645 1184 4709; x_wconf 89' lang='lat' dir='ltr'>regi</span> <span class='ocrx_word' id='word_1_360' title='bbox 1203 4645 1354 4693; x_wconf 84' lang='lat' dir='ltr'>serviturus</span> <span class='ocrx_word' id='word_1_361' title='bbox 1374 4644 1516 4693; x_wconf 87' lang='lat' dir='ltr'>subiaceat</span> <span class='ocrx_word' id='word_1_362' title='bbox 1534 4643 1591 4693; x_wconf 81' lang='lat' dir='ltr'>Va.</span> <span class='ocrx_word' id='word_1_363' title='bbox 1629 4644 1774 4708; x_wconf 88' lang='lat' dir='ltr'>potestatis</span> <span class='ocrx_word' id='word_1_364' title='bbox 1793 4642 1857 4692; x_wconf 74' lang='lat' dir='ltr'>Er.</span> <span class='ocrx_word' id='word_1_365' title='bbox 1877 4643 1946 4694; x_wconf 71' lang='lat' dir='ltr'>Plu.</span> <span class='ocrx_word' id='word_1_366' title='bbox 1986 4646 2076 4696; x_wconf 90' lang='lat' dir='ltr'>buius·</span> 
     </span>
     <span class='ocr_line' id='line_1_39' title="bbox 421 4726 2075 4802; baseline -0.001 -18"><span class='ocrx_word' id='word_1_367' title='bbox 421 4735 504 4784; x_wconf 91' lang='lat' dir='ltr'>modo</span> <span class='ocrx_word' id='word_1_368' title='bbox 524 4733 587 4784; x_wconf 82' lang='lat' dir='ltr'>El.</span> <span class='ocrx_word' id='word_1_369' title='bbox 606 4733 628 4802; x_wconf 75' lang='grc' dir='ltr'>ΙΗΗ</span> <span class='ocrx_word' id='word_1_370' title='bbox 660 4736 676 4784; x_wconf 87' lang='lat' dir='ltr'>l.</span> <span class='ocrx_word' id='word_1_371' title='bbox 696 4737 720 4785; x_wconf 82' lang='lat'>2.</span> <span class='ocrx_word' id='word_1_372' title='bbox 749 4740 883 4801; x_wconf 88' lang='lat' dir='ltr'>perpetua</span> <span class='ocrx_word' id='word_1_373' title='bbox 902 4735 1033 4784; x_wconf 88' lang='lat' dir='ltr'>servitute</span> <span class='ocrx_word' id='word_1_374' title='bbox 1053 4733 1110 4783; x_wconf 93' lang='lat' dir='ltr'>Vl.</span> <span class='ocrx_word' id='word_1_375' title='bbox 1131 4736 1154 4783; x_wconf 83' lang='lat'>2.</span> <span class='ocrx_word' id='word_1_376' title='bbox 1210 4733 1291 4782; x_wconf 86' lang='lat' dir='ltr'>rebus</span> <span class='ocrx_word' id='word_1_377' title='bbox 1309 4732 1375 4782; x_wconf 67' lang='lat' dir='ltr'>&lt;teca</span> <span class='ocrx_word' id='word_1_378' title='bbox 1394 4731 1457 4782; x_wconf 79' lang='lat' dir='ltr'>El.</span> <span class='ocrx_word' id='word_1_379' title='bbox 1476 4726 1545 4781; x_wconf 73' lang='lat' dir='ltr'>Patr.</span> <span class='ocrx_word' id='word_1_380' title='bbox 1577 4728 1586 4790; x_wconf 89' lang='grc' dir='ltr'>ΗΗ</span> <span class='ocrx_word' id='word_1_381' title='bbox 1618 4732 1635 4782; x_wconf 82' lang='lat' dir='ltr'>l.</span> <span class='ocrx_word' id='word_1_382' title='bbox 1656 4735 1680 4781; x_wconf 85' lang='lat'>3.</span> <span class='ocrx_word' id='word_1_383' title='bbox 1708 4726 1798 4795; x_wconf 88' lang='lat' dir='ltr'>buius]</span> <span class='ocrx_word' id='word_1_384' title='bbox 1825 4732 1983 4784; x_wconf 87' lang='lat' dir='ltr'>huiusmodi</span> <span class='ocrx_word' id='word_1_385' title='bbox 2009 4729 2075 4783; x_wconf 74' lang='lat' dir='ltr'>Pru.</span> 
     </span>
     <span class='ocr_line' id='line_1_40' title="bbox 421 4817 2075 4888; baseline 0 -16"><span class='ocrx_word' id='word_1_386' title='bbox 421 4823 439 4872; x_wconf 82' lang='lat' dir='ltr'>l.</span> <span class='ocrx_word' id='word_1_387' title='bbox 458 4825 482 4872; x_wconf 80' lang='lat'>4.</span> <span class='ocrx_word' id='word_1_388' title='bbox 511 4824 681 4874; x_wconf 80' lang='lat' dir='ltr'>decrevimus</span> <span class='ocrx_word' id='word_1_389' title='bbox 700 4819 769 4873; x_wconf 72' lang='lat' dir='ltr'>Piri.</span> <span class='ocrx_word' id='word_1_390' title='bbox 824 4817 992 4888; x_wconf 89' lang='lat' dir='ltr'>permanere]</span> <span class='ocrx_word' id='word_1_391' title='bbox 1011 4822 1047 4872; x_wconf 85' lang='lat' dir='ltr'>ita</span> <span class='ocrx_word' id='word_1_392' title='bbox 1067 4822 1099 4872; x_wconf 87' lang='lat' dir='ltr'>E.</span> <span class='ocrx_word' id='word_1_393' title='bbox 1121 4823 1145 4871; x_wconf 74' lang='lat'>1⁷</span> <span class='ocrx_word' id='word_1_394' title='bbox 1156 4826 1177 4872; x_wconf 85' lang='lat'>1.</span> <span class='ocrx_word' id='word_1_395' title='bbox 1198 4824 1222 4872; x_wconf 86' lang='lat'>2.</span> <span class='ocrx_word' id='word_1_396' title='bbox 1243 4824 1272 4882; x_wconf 80' lang='lat'>53</span> <span class='ocrx_word' id='word_1_397' title='bbox 1293 4837 1401 4870; x_wconf 87' lang='lat' dir='ltr'>manere</span> <span class='ocrx_word' id='word_1_398' title='bbox 1422 4821 1485 4882; x_wconf 70' lang='lat' dir='ltr'>Vt,</span> <span class='ocrx_word' id='word_1_399' title='bbox 1508 4828 1562 4870; x_wconf 81' lang='lat' dir='ltr'>cett.</span> <span class='ocrx_word' id='word_1_400' title='bbox 1586 4819 1660 4870; x_wconf 76' lang='lat' dir='ltr'>deest.</span> <span class='ocrx_word' id='word_1_401' title='bbox 1693 4819 1701 4880; x_wconf 99' lang='grc' dir='ltr'>Η</span> <span class='ocrx_word' id='word_1_402' title='bbox 1734 4821 1750 4870; x_wconf 84' lang='lat' dir='ltr'>l.</span> <span class='ocrx_word' id='word_1_403' title='bbox 1771 4823 1795 4870; x_wconf 81' lang='lat'>5.</span> <span class='ocrx_word' id='word_1_404' title='bbox 1825 4823 1971 4872; x_wconf 89' lang='lat' dir='ltr'>retinuerit</span> <span class='ocrx_word' id='word_1_405' title='bbox 1997 4824 2075 4873; x_wconf 88' lang='lat' dir='ltr'>etatis</span> 
     </span>
     <span class='ocr_line' id='line_1_41' title="bbox 421 4904 2116 4977; baseline -0.002 -16"><span class='ocrx_word' id='word_1_406' title='bbox 421 4906 536 4977; x_wconf 87' lang='lat' dir='ltr'>tempus]</span> <span class='ocrx_word' id='word_1_407' title='bbox 563 4913 661 4962; x_wconf 87' lang='lat' dir='ltr'>aetatis</span> <span class='ocrx_word' id='word_1_408' title='bbox 687 4913 828 4962; x_wconf 90' lang='lat' dir='ltr'>retinuerit</span> <span class='ocrx_word' id='word_1_409' title='bbox 851 4917 957 4977; x_wconf 91' lang='lat' dir='ltr'>tempus</span> <span class='ocrx_word' id='word_1_410' title='bbox 976 4909 1044 4972; x_wconf 77' lang='lat' dir='ltr'>E13</span> <span class='ocrx_word' id='word_1_411' title='bbox 1065 4917 1114 4961; x_wconf 87' lang='lat' dir='ltr'>rct.</span> <span class='ocrx_word' id='word_1_412' title='bbox 1134 4917 1240 4975; x_wconf 87' lang='lat' dir='ltr'>tempus</span> <span class='ocrx_word' id='word_1_413' title='bbox 1258 4910 1302 4960; x_wconf 88' lang='lat' dir='ltr'>vel</span> <span class='ocrx_word' id='word_1_414' title='bbox 1323 4911 1403 4960; x_wconf 82' lang='lat' dir='ltr'>etatis</span> <span class='ocrx_word' id='word_1_415' title='bbox 1423 4909 1480 4959; x_wconf 91' lang='lat' dir='ltr'>Vl.</span> <span class='ocrx_word' id='word_1_416' title='bbox 1501 4911 1525 4960; x_wconf 84' lang='lat'>2.</span> <span class='ocrx_word' id='word_1_417' title='bbox 1557 4907 1565 4969; x_wconf 96' lang='grc' dir='ltr'>Η</span> <span class='ocrx_word' id='word_1_418' title='bbox 1598 4910 1614 4960; x_wconf 84' lang='lat' dir='ltr'>l.</span> <span class='ocrx_word' id='word_1_419' title='bbox 1635 4911 1659 4959; x_wconf 82' lang='grc'>6.</span> <span class='ocrx_word' id='word_1_420' title='bbox 1684 4904 1738 4972; x_wconf 89' lang='lat' dir='ltr'>vel]</span> <span class='ocrx_word' id='word_1_421' title='bbox 1757 4909 1795 4959; x_wconf 82' lang='lat' dir='ltr'>ita</span> <span class='ocrx_word' id='word_1_422' title='bbox 1814 4909 1846 4959; x_wconf 83' lang='grc' dir='ltr'>Ε.</span> <span class='ocrx_word' id='word_1_423' title='bbox 1867 4910 1932 4972; x_wconf 57' lang='lat'>1123</span> <span class='ocrx_word' id='word_1_424' title='bbox 1951 4918 2001 4962; x_wconf 88' lang='lat' dir='ltr'>aut</span> <span class='ocrx_word' id='word_1_425' title='bbox 2021 4912 2044 4960; x_wconf 67' lang='grc' dir='ltr'>1ν</span> <span class='ocrx_word' id='word_1_426' title='bbox 2053 4915 2074 4962; x_wconf 93' lang='grc'>1.</span> <span class='ocrx_word' id='word_1_427' title='bbox 2091 4919 2116 4957; x_wconf 77' lang='lat' dir='ltr'>to</span> 
     </span>
     <span class='ocr_line' id='line_1_42' title="bbox 421 4993 2074 5066; baseline 0 -17"><span class='ocrx_word' id='word_1_428' title='bbox 421 5002 553 5066; x_wconf 85' lang='lat' dir='ltr'>cuiusque</span> <span class='ocrx_word' id='word_1_429' title='bbox 573 5025 606 5034; x_wconf 93' lang='lat'><em>-</em></span> <span class='ocrx_word' id='word_1_430' title='bbox 626 4996 719 5062; x_wconf 83' lang='lat' dir='ltr'>moles}</span> <span class='ocrx_word' id='word_1_431' title='bbox 741 4998 857 5065; x_wconf 88' lang='lat' dir='ltr'>languor</span> <span class='ocrx_word' id='word_1_432' title='bbox 875 4999 932 5051; x_wconf 81' lang='lat' dir='ltr'>Vs.</span> <span class='ocrx_word' id='word_1_433' title='bbox 989 4994 1131 5064; x_wconf 87' lang='lat' dir='ltr'>cuiusque]</span> <span class='ocrx_word' id='word_1_434' title='bbox 1156 5001 1351 5062; x_wconf 86' lang='lat' dir='ltr'>cuiuscumque</span> <span class='ocrx_word' id='word_1_435' title='bbox 1372 4997 1399 5047; x_wconf 83' lang='lat' dir='ltr'><em>E</em></span> <span class='ocrx_word' id='word_1_436' title='bbox 1411 5001 1433 5048; x_wconf 94' lang='grc'>1.</span> <span class='ocrx_word' id='word_1_437' title='bbox 1453 4993 1538 5058; x_wconf 77' lang='grc' dir='ltr'>Ρί1]ι.;</span> <span class='ocrx_word' id='word_1_438' title='bbox 1562 4998 1630 5048; x_wconf 76' lang='lat' dir='ltr'>deest</span> <span class='ocrx_word' id='word_1_439' title='bbox 1654 4997 1716 5048; x_wconf 77' lang='lat' dir='ltr'>Vr.</span> <span class='ocrx_word' id='word_1_440' title='bbox 1772 4994 1895 5064; x_wconf 87' lang='lat' dir='ltr'>gravida]</span> <span class='ocrx_word' id='word_1_441' title='bbox 1915 5017 1999 5064; x_wconf 75' lang='lat' dir='ltr'>grave</span> <span class='ocrx_word' id='word_1_442' title='bbox 2021 5001 2074 5050; x_wconf 70' lang='lat'>1⁷4.</span> 
     </span>
     <span class='ocr_line' id='line_1_43' title="bbox 421 5082 2074 5155; baseline -0.001 -16"><span class='ocrx_word' id='word_1_443' title='bbox 421 5091 581 5155; x_wconf 85' lang='lat' dir='ltr'>represseris</span> <span class='ocrx_word' id='word_1_444' title='bbox 607 5089 682 5149; x_wconf 74' lang='lat' dir='ltr'>Er,</span> <span class='ocrx_word' id='word_1_445' title='bbox 709 5089 838 5153; x_wconf 88' lang='lat' dir='ltr'>presserit</span> <span class='ocrx_word' id='word_1_446' title='bbox 862 5089 924 5138; x_wconf 77' lang='lat'>1⁷4.</span> <span class='ocrx_word' id='word_1_447' title='bbox 979 5083 1075 5152; x_wconf 89' lang='lat' dir='ltr'>moles]</span> <span class='ocrx_word' id='word_1_448' title='bbox 1103 5094 1138 5138; x_wconf 89' lang='lat' dir='ltr'>ut</span> <span class='ocrx_word' id='word_1_449' title='bbox 1164 5088 1361 5153; x_wconf 79' lang='lat' dir='ltr'>proticisci</span> <span class='ocrx_word' id='word_1_450' title='bbox 1389 5089 1503 5137; x_wconf 88' lang='lat' dir='ltr'>minus</span> <span class='ocrx_word' id='word_1_451' title='bbox 1530 5089 1650 5152; x_wconf 86' lang='lat' dir='ltr'>possit</span> <span class='ocrx_word' id='word_1_452' title='bbox 1674 5087 1735 5138; x_wconf 83' lang='lat' dir='ltr'>add.</span> <span class='ocrx_word' id='word_1_453' title='bbox 1761 5088 1784 5136; x_wconf 88' lang='lat' dir='ltr'><em>V</em></span> <span class='ocrx_word' id='word_1_454' title='bbox 1801 5091 1824 5137; x_wconf 89' lang='lat'>1.</span> <span class='ocrx_word' id='word_1_455' title='bbox 1879 5082 1913 5153; x_wconf 82' lang='lat' dir='ltr'>is}</span> <span class='ocrx_word' id='word_1_456' title='bbox 1938 5089 1981 5139; x_wconf 88' lang='lat' dir='ltr'>bis</span> <span class='ocrx_word' id='word_1_457' title='bbox 2009 5088 2074 5139; x_wconf 79' lang='lat' dir='ltr'>Et.</span> 
     </span>
     <span class='ocr_line' id='line_1_44' title="bbox 421 5171 2075 5244; baseline 0 -16"><span class='ocrx_word' id='word_1_458' title='bbox 421 5177 437 5227; x_wconf 88' lang='lat' dir='ltr'>l.</span> <span class='ocrx_word' id='word_1_459' title='bbox 451 5180 476 5228; x_wconf 78' lang='grc'>’1.</span> <span class='ocrx_word' id='word_1_460' title='bbox 503 5179 657 5244; x_wconf 85' lang='lat' dir='ltr'>egritudine</span> <span class='ocrx_word' id='word_1_461' title='bbox 674 5203 706 5211; x_wconf 87' lang='grc'>-</span> <span class='ocrx_word' id='word_1_462' title='bbox 724 5179 787 5243; x_wconf 85' lang='lat' dir='ltr'>quia</span> <span class='ocrx_word' id='word_1_463' title='bbox 805 5193 852 5243; x_wconf 90' lang='lat' dir='ltr'>pre</span> <span class='ocrx_word' id='word_1_464' title='bbox 871 5177 921 5228; x_wconf 81' lang='lat' dir='ltr'>dea.</span> <span class='ocrx_word' id='word_1_465' title='bbox 942 5177 969 5227; x_wconf 84' lang='grc' dir='ltr'><em>Ε</em></span> <span class='ocrx_word' id='word_1_466' title='bbox 982 5180 1003 5227; x_wconf 94' lang='lat' dir='ltr'>l.</span> <span class='ocrx_word' id='word_1_467' title='bbox 1023 5173 1091 5227; x_wconf 66' lang='lat' dir='ltr'>Piri.</span> <span class='ocrx_word' id='word_1_468' title='bbox 1129 5178 1244 5243; x_wconf 88' lang='lat' dir='ltr'>probare</span> <span class='ocrx_word' id='word_1_469' title='bbox 1261 5177 1384 5241; x_wconf 90' lang='lat' dir='ltr'>potnerit</span> <span class='ocrx_word' id='word_1_470' title='bbox 1397 5201 1430 5209; x_wconf 90' lang='lat'>-</span> <span class='ocrx_word' id='word_1_471' title='bbox 1443 5191 1576 5240; x_wconf 87' lang='lat' dir='ltr'>ponamus</span> <span class='ocrx_word' id='word_1_472' title='bbox 1596 5173 1638 5240; x_wconf 83' lang='lat' dir='ltr'>(p.</span> <span class='ocrx_word' id='word_1_473' title='bbox 1652 5178 1712 5234; x_wconf 70' lang='lat'>377,</span> <span class='ocrx_word' id='word_1_474' title='bbox 1729 5177 1745 5226; x_wconf 87' lang='lat' dir='ltr'>l.</span> <span class='ocrx_word' id='word_1_475' title='bbox 1760 5171 1799 5240; x_wconf 81' lang='grc'>5)]</span> <span class='ocrx_word' id='word_1_476' title='bbox 1818 5178 1950 5242; x_wconf 90' lang='lat' dir='ltr'>probetur</span> <span class='ocrx_word' id='word_1_477' title='bbox 1967 5185 2017 5228; x_wconf 86' lang='lat' dir='ltr'>aut</span> <span class='ocrx_word' id='word_1_478' title='bbox 2029 5194 2075 5243; x_wconf 88' lang='lat' dir='ltr'>per</span> 
     </span>
     <span class='ocr_line' id='line_1_45' title="bbox 420 5263 2075 5333; baseline 0.001 -18"><span class='ocrx_word' id='word_1_479' title='bbox 420 5273 602 5332; x_wconf 84' lang='lat' dir='ltr'>sagramento,</span> <span class='ocrx_word' id='word_1_480' title='bbox 622 5269 667 5332; x_wconf 89' lang='lat' dir='ltr'>qui</span> <span class='ocrx_word' id='word_1_481' title='bbox 688 5267 784 5333; x_wconf 84' lang='lat' dir='ltr'>langor</span> <span class='ocrx_word' id='word_1_482' title='bbox 802 5267 886 5317; x_wconf 84' lang='lat' dir='ltr'>luerit</span> <span class='ocrx_word' id='word_1_483' title='bbox 905 5283 1044 5332; x_wconf 76' lang='lat' dir='ltr'>opressus3</span> <span class='ocrx_word' id='word_1_484' title='bbox 1072 5272 1099 5316; x_wconf 93' lang='lat' dir='ltr'>et</span> <span class='ocrx_word' id='word_1_485' title='bbox 1120 5267 1143 5316; x_wconf 88' lang='lat' dir='ltr'>si</span> <span class='ocrx_word' id='word_1_486' title='bbox 1165 5282 1220 5317; x_wconf 90' lang='lat' dir='ltr'>non</span> <span class='ocrx_word' id='word_1_487' title='bbox 1247 5266 1439 5331; x_wconf 86' lang='lat' dir='ltr'>adprobaverit</span> <span class='ocrx_word' id='word_1_488' title='bbox 1464 5266 1590 5330; x_wconf 88' lang='lat' dir='ltr'>superius</span> <span class='ocrx_word' id='word_1_489' title='bbox 1618 5263 1661 5315; x_wconf 86' lang='lat' dir='ltr'>lex</span> <span class='ocrx_word' id='word_1_490' title='bbox 1685 5265 1800 5316; x_wconf 85' lang='lat' dir='ltr'>feriatur</span> <span class='ocrx_word' id='word_1_491' title='bbox 1825 5273 1853 5317; x_wconf 92' lang='lat' dir='ltr'>et</span> <span class='ocrx_word' id='word_1_492' title='bbox 1878 5267 2075 5318; x_wconf 88' lang='lat' dir='ltr'>condemnetur</span> 
     </span>
     <span class='ocr_line' id='line_1_46' title="bbox 427 5348 2114 5422; baseline -0.001 -19"><span class='ocrx_word' id='word_1_493' title='bbox 427 5356 483 5405; x_wconf 74' lang='grc' dir='ltr'>ΓΒ.</span> <span class='ocrx_word' id='word_1_494' title='bbox 507 5353 515 5414; x_wconf 90' lang='grc' dir='ltr'>ΗΗ</span> <span class='ocrx_word' id='word_1_495' title='bbox 539 5356 555 5405; x_wconf 85' lang='grc'>1.</span> <span class='ocrx_word' id='word_1_496' title='bbox 570 5357 594 5406; x_wconf 84' lang='grc'>8.</span> <span class='ocrx_word' id='word_1_497' title='bbox 614 5350 672 5422; x_wconf 86' lang='lat' dir='ltr'>pre]</span> <span class='ocrx_word' id='word_1_498' title='bbox 691 5372 741 5422; x_wconf 90' lang='lat' dir='ltr'>per</span> <span class='ocrx_word' id='word_1_499' title='bbox 760 5355 822 5406; x_wconf 66' lang='lat' dir='ltr'>Et.</span> <span class='ocrx_word' id='word_1_500' title='bbox 842 5356 900 5405; x_wconf 87' lang='lat' dir='ltr'>Vl.</span> <span class='ocrx_word' id='word_1_501' title='bbox 938 5355 1049 5421; x_wconf 87' lang='lat' dir='ltr'>langore</span> <span class='ocrx_word' id='word_1_502' title='bbox 1069 5355 1139 5416; x_wconf 66' lang='lat'>1323</span> <span class='ocrx_word' id='word_1_503' title='bbox 1160 5355 1319 5420; x_wconf 84' lang='lat' dir='ltr'>languorem</span> <span class='ocrx_word' id='word_1_504' title='bbox 1339 5355 1396 5404; x_wconf 85' lang='lat' dir='ltr'>Vl.</span> <span class='ocrx_word' id='word_1_505' title='bbox 1433 5348 1579 5420; x_wconf 84' lang='lat' dir='ltr'>proticisci]</span> <span class='ocrx_word' id='word_1_506' title='bbox 1594 5371 1741 5420; x_wconf 87' lang='lat' dir='ltr'>properare</span> <span class='ocrx_word' id='word_1_507' title='bbox 1757 5355 1809 5404; x_wconf 72' lang='lat' dir='ltr'>Vr.</span> <span class='ocrx_word' id='word_1_508' title='bbox 1825 5356 1856 5417; x_wconf 81' lang='lat'>53</span> <span class='ocrx_word' id='word_1_509' title='bbox 1875 5356 1993 5420; x_wconf 85' lang='lat' dir='ltr'>probare</span> <span class='ocrx_word' id='word_1_510' title='bbox 2014 5355 2041 5405; x_wconf 85' lang='lat' dir='ltr'><em>E</em></span> <span class='ocrx_word' id='word_1_511' title='bbox 2050 5358 2073 5406; x_wconf 87' lang='lat'>2.</span> <span class='ocrx_word' id='word_1_512' title='bbox 2090 5361 2114 5402; x_wconf 77' lang='lat' dir='ltr'>u</span> 
     </span>
     <span class='ocr_line' id='line_1_47' title="bbox 420 5439 2074 5510; baseline 0 -16"><span class='ocrx_word' id='word_1_513' title='bbox 420 5444 498 5495; x_wconf 83' lang='lat' dir='ltr'>l.13.</span> <span class='ocrx_word' id='word_1_514' title='bbox 528 5440 576 5509; x_wconf 88' lang='lat' dir='ltr'>ita]</span> <span class='ocrx_word' id='word_1_515' title='bbox 595 5445 632 5495; x_wconf 83' lang='lat' dir='ltr'>ita</span> <span class='ocrx_word' id='word_1_516' title='bbox 651 5445 730 5508; x_wconf 80' lang='lat' dir='ltr'>Vlr;</span> <span class='ocrx_word' id='word_1_517' title='bbox 749 5445 778 5494; x_wconf 92' lang='lat' dir='ltr'>id</span> <span class='ocrx_word' id='word_1_518' title='bbox 798 5451 840 5496; x_wconf 89' lang='lat' dir='ltr'>est</span> <span class='ocrx_word' id='word_1_519' title='bbox 858 5445 930 5495; x_wconf 65' lang='lat' dir='ltr'>ittae.</span> <span class='ocrx_word' id='word_1_520' title='bbox 983 5439 1176 5510; x_wconf 87' lang='lat' dir='ltr'>inspectorem]</span> <span class='ocrx_word' id='word_1_521' title='bbox 1194 5443 1232 5494; x_wconf 81' lang='lat' dir='ltr'>ita</span> <span class='ocrx_word' id='word_1_522' title='bbox 1251 5444 1328 5506; x_wconf 57' lang='lat' dir='ltr'>Vim</span> <span class='ocrx_word' id='word_1_523' title='bbox 1349 5445 1518 5509; x_wconf 88' lang='lat' dir='ltr'>inspectores</span> <span class='ocrx_word' id='word_1_524' title='bbox 1537 5443 1609 5493; x_wconf 59' lang='lat' dir='ltr'>iliad.</span> <span class='ocrx_word' id='word_1_525' title='bbox 1642 5443 1650 5505; x_wconf 93' lang='grc' dir='ltr'>Η</span> <span class='ocrx_word' id='word_1_526' title='bbox 1683 5445 1699 5494; x_wconf 85' lang='lat' dir='ltr'>l.</span> <span class='ocrx_word' id='word_1_527' title='bbox 1720 5446 1761 5494; x_wconf 84' lang='grc'>16.</span> <span class='ocrx_word' id='word_1_528' title='bbox 1790 5461 1844 5494; x_wconf 92' lang='lat' dir='ltr'>non</span> <span class='ocrx_word' id='word_1_529' title='bbox 1863 5443 1946 5494; x_wconf 87' lang='lat' dir='ltr'>aliter</span> <span class='ocrx_word' id='word_1_530' title='bbox 1966 5439 2014 5508; x_wconf 85' lang='lat' dir='ltr'>eis]</span> <span class='ocrx_word' id='word_1_531' title='bbox 2039 5445 2074 5495; x_wconf 83' lang='lat' dir='ltr'>ita</span> 
     </span>
     <span class='ocr_line' id='line_1_48' title="bbox 426 5527 2072 5596; baseline 0.002 -15"><span class='ocrx_word' id='word_1_532' title='bbox 426 5533 511 5595; x_wconf 65' lang='lat'>1&#39;173</span> <span class='ocrx_word' id='word_1_533' title='bbox 538 5535 562 5584; x_wconf 90' lang='lat' dir='ltr'>ei</span> <span class='ocrx_word' id='word_1_534' title='bbox 588 5533 669 5584; x_wconf 86' lang='lat' dir='ltr'>aliter</span> <span class='ocrx_word' id='word_1_535' title='bbox 695 5549 750 5583; x_wconf 90' lang='lat' dir='ltr'>non</span> <span class='ocrx_word' id='word_1_536' title='bbox 774 5533 847 5584; x_wconf 84' lang='lat' dir='ltr'>Mad.</span> <span class='ocrx_word' id='word_1_537' title='bbox 879 5533 888 5593; x_wconf 92' lang='grc' dir='ltr'>ΗΗ</span> <span class='ocrx_word' id='word_1_538' title='bbox 920 5534 937 5582; x_wconf 88' lang='lat' dir='ltr'>l.</span> <span class='ocrx_word' id='word_1_539' title='bbox 958 5535 998 5584; x_wconf 87' lang='grc'>17.</span> <span class='ocrx_word' id='word_1_540' title='bbox 1027 5527 1502 5596; x_wconf 72' lang='lat' dir='ltr'>iurisiurandilita17173autiur.</span> <span class='ocrx_word' id='word_1_541' title='bbox 1523 5531 1595 5582; x_wconf 81' lang='lat' dir='ltr'>Mud-</span> <span class='ocrx_word' id='word_1_542' title='bbox 1626 5531 1635 5592; x_wconf 93' lang='grc' dir='ltr'>ΗΗ</span> <span class='ocrx_word' id='word_1_543' title='bbox 1667 5533 1684 5584; x_wconf 85' lang='lat' dir='ltr'>l.</span> <span class='ocrx_word' id='word_1_544' title='bbox 1706 5534 1746 5582; x_wconf 82' lang='lat' dir='ltr'>le.</span> <span class='ocrx_word' id='word_1_545' title='bbox 1776 5527 1933 5596; x_wconf 88' lang='lat' dir='ltr'>direxerint]</span> <span class='ocrx_word' id='word_1_546' title='bbox 1952 5534 1990 5583; x_wconf 80' lang='lat' dir='ltr'>ita</span> <span class='ocrx_word' id='word_1_547' title='bbox 2009 5534 2032 5583; x_wconf 76' lang='lat' dir='ltr'><em>V</em></span> <span class='ocrx_word' id='word_1_548' title='bbox 2042 5535 2072 5584; x_wconf 84' lang='lat' dir='ltr'>l&#39;l</span> 
     </span>
     <span class='ocr_line' id='line_1_49' title="bbox 419 5615 2073 5687; baseline 0.001 -16"><span class='ocrx_word' id='word_1_549' title='bbox 419 5622 447 5671; x_wconf 83' lang='lat' dir='ltr'>in</span> <span class='ocrx_word' id='word_1_550' title='bbox 465 5622 593 5687; x_wconf 54' lang='lat' dir='ltr'>mergium</span> <span class='ocrx_word' id='word_1_551' title='bbox 613 5623 636 5670; x_wconf 84' lang='lat' dir='ltr'><em>V</em></span> <span class='ocrx_word' id='word_1_552' title='bbox 646 5624 676 5673; x_wconf 79' lang='lat'>17</span> <span class='ocrx_word' id='word_1_553' title='bbox 696 5622 724 5672; x_wconf 84' lang='lat' dir='ltr'>iu</span> <span class='ocrx_word' id='word_1_554' title='bbox 743 5630 812 5672; x_wconf 70' lang='lat' dir='ltr'>tesbi</span> <span class='ocrx_word' id='word_1_555' title='bbox 829 5631 853 5673; x_wconf 81' lang='lat' dir='ltr'>ct</span> <span class='ocrx_word' id='word_1_556' title='bbox 871 5622 958 5672; x_wconf 59' lang='lat' dir='ltr'>illud:</span> <span class='ocrx_word' id='word_1_557' title='bbox 978 5622 1102 5672; x_wconf 80' lang='lat' dir='ltr'>dixerint.</span> <span class='ocrx_word' id='word_1_558' title='bbox 1128 5621 1137 5681; x_wconf 91' lang='grc' dir='ltr'>ΗΗ</span> <span class='ocrx_word' id='word_1_559' title='bbox 1162 5623 1179 5672; x_wconf 87' lang='lat' dir='ltr'>l.</span> <span class='ocrx_word' id='word_1_560' title='bbox 1194 5624 1235 5672; x_wconf 83' lang='lat'>20.</span> <span class='ocrx_word' id='word_1_561' title='bbox 1256 5616 1360 5685; x_wconf 88' lang='lat' dir='ltr'>eorum]</span> <span class='ocrx_word' id='word_1_562' title='bbox 1379 5621 1416 5670; x_wconf 80' lang='lat' dir='ltr'>ita</span> <span class='ocrx_word' id='word_1_563' title='bbox 1437 5621 1513 5683; x_wconf 62' lang='lat' dir='ltr'>pff,</span> <span class='ocrx_word' id='word_1_564' title='bbox 1534 5622 1695 5686; x_wconf 85' lang='lat' dir='ltr'>morbosque</span> <span class='ocrx_word' id='word_1_565' title='bbox 1714 5621 1775 5671; x_wconf 85' lang='lat' dir='ltr'>add.</span> <span class='ocrx_word' id='word_1_566' title='bbox 1796 5621 1866 5672; x_wconf 66' lang='lat' dir='ltr'>illud.</span> <span class='ocrx_word' id='word_1_567' title='bbox 1894 5619 1903 5681; x_wconf 93' lang='grc' dir='ltr'>ΗΗ</span> <span class='ocrx_word' id='word_1_568' title='bbox 1929 5623 1946 5673; x_wconf 87' lang='lat' dir='ltr'>l.</span> <span class='ocrx_word' id='word_1_569' title='bbox 1962 5625 2004 5674; x_wconf 75' lang='lat'>24.</span> <span class='ocrx_word' id='word_1_570' title='bbox 2024 5615 2073 5687; x_wconf 85' lang='lat' dir='ltr'>est]</span> 
     </span>
     <span class='ocr_line' id='line_1_50' title="bbox 419 5705 2034 5775; baseline 0.002 -16"><span class='ocrx_word' id='word_1_571' title='bbox 419 5709 455 5760; x_wconf 78' lang='lat' dir='ltr'>itu</span> <span class='ocrx_word' id='word_1_572' title='bbox 476 5711 552 5772; x_wconf 76' lang='lat' dir='ltr'>l&#39;173</span> <span class='ocrx_word' id='word_1_573' title='bbox 573 5727 632 5761; x_wconf 88' lang='lat' dir='ltr'>esse</span> <span class='ocrx_word' id='word_1_574' title='bbox 651 5710 723 5761; x_wconf 83' lang='lat' dir='ltr'>Mad.</span> <span class='ocrx_word' id='word_1_575' title='bbox 755 5709 764 5770; x_wconf 93' lang='grc' dir='ltr'>ΗΗ</span> <span class='ocrx_word' id='word_1_576' title='bbox 796 5712 814 5761; x_wconf 81' lang='lat' dir='ltr'>t.</span> <span class='ocrx_word' id='word_1_577' title='bbox 833 5713 874 5762; x_wconf 81' lang='lat'>28.</span> <span class='ocrx_word' id='word_1_578' title='bbox 901 5706 1064 5775; x_wconf 86' lang='lat' dir='ltr'>resecemus]</span> <span class='ocrx_word' id='word_1_579' title='bbox 1083 5711 1121 5761; x_wconf 81' lang='lat' dir='ltr'>ita</span> <span class='ocrx_word' id='word_1_580' title='bbox 1140 5711 1218 5772; x_wconf 82' lang='lat' dir='ltr'>V17;</span> <span class='ocrx_word' id='word_1_581' title='bbox 1238 5715 1377 5761; x_wconf 87' lang='lat' dir='ltr'>resecetur</span> <span class='ocrx_word' id='word_1_582' title='bbox 1396 5709 1467 5760; x_wconf 80' lang='lat' dir='ltr'>Mad.</span> <span class='ocrx_word' id='word_1_583' title='bbox 1499 5707 1508 5768; x_wconf 89' lang='grc' dir='ltr'>ΗΗ</span> <span class='ocrx_word' id='word_1_584' title='bbox 1540 5711 1556 5761; x_wconf 82' lang='lat'>1.</span> <span class='ocrx_word' id='word_1_585' title='bbox 1577 5711 1619 5761; x_wconf 81' lang='lat'>29.</span> <span class='ocrx_word' id='word_1_586' title='bbox 1645 5705 2034 5773; x_wconf 72' lang='lat' dir='ltr'>ille]ira1⁷17;doeurrau.</span> 
     </span>
    </p>
   </div>
   <div class='ocr_carea' id='block_1_5' title="bbox 0 0 2228 6226">
    <p class='ocr_par' dir='ltr' id='par_1_5' title="bbox 0 0 2228 6226">
     <span class='ocr_line' id='line_1_51' title="bbox 0 0 2228 6226; baseline 0 4"><span class='ocrx_word' id='word_1_587' title='bbox 0 0 2228 6226; x_wconf 95' lang='lat' dir='ltr'> </span> 
     </span>
    </p>
   </div>
  </div>
 </body>
</html>
