4448 6226
388 313 452 373 444
909 319 990 373 LEX
1011 315 1317 375 VISIGOTHORUM
1340 315 1455 386 XII,3,
1475 316 1526 374 15.

196 511 307 586 xum,
322 511 367 569 15.
386 512 475 582 Era}
495 502 650 590 populum
666 525 850 591 propagare
867 502 1019 590 dignatus
1043 513 1102 567 est.
1141 501 1208 582 Qui
1230 502 1433 589 patriarchas
1452 514 1486 568 et
1509 502 1685 590 prophetas
1701 502 1800 588 elegit
1820 512 1852 567 et
1874 501 2048 567 benedixit

386 609 581 696 patriarchis
604 607 749 691 Abrahe,
777 608 872 673 Isaac
896 619 929 673 et
951 607 1062 673 Iacob.
1107 608 1173 672 Per
1196 631 1281 691 eum,
1313 610 1369 694 qui
1393 619 1506 674 sancto
1529 607 1663 674 Abrahe
1687 609 1882 695 repromisit,
1914 609 2044 674 dicens:

388 715 458 780 ‘lnl
483 717 605 780 semine
628 724 684 779 tuo
710 713 946 780 benedicentur
968 737 1079 780 omnes
1103 714 1239 802 gentes',
1263 713 1345 780 dans
1369 716 1400 780 ei
1424 716 1553 802 signum
1581 717 1838 780 circumcisionis
1867 717 1903 781 in
1933 715 2045 780 federe

387 823 595 910 sempiterno.
649 821 725 886 Iuro
753 844 812 908 per
842 843 932 903 eum,
963 823 1019 909 qui
1050 819 1226 886 Sodomam
1256 819 1417 885 subvertit
1448 832 1480 886 et
1509 843 1646 886 uxorem
1676 821 1775 904 Loth,
1807 821 2045 908 adspicientem

387 939 578 1011 retrorsum,
610 930 644 992 in
674 927 751 991 salis
781 929 943 992 convertit
973 937 1127 1008 statuam,
1158 937 1190 991 et
1219 949 1279 1013 per
1309 949 1398 1008 eum,
1435 929 1491 1014 qui
1521 927 1662 994 luctatus
1692 939 1743 993 est
1772 951 1847 993 cum
1877 927 1978 993 Iacob
2013 939 2075 992 ets

386 1046 525 1121 tangens
549 1057 686 1098 nervum
711 1035 780 1098 cius
805 1034 990 1099 claudicare
1016 1056 1090 1098 eum
1114 1033 1192 1097 fecit
1208 1043 1240 1097 et
1261 1032 1360 1098 dixit:
1384 1033 1489 1098 ‘Noni
1507 1033 1679 1099 vocaberis
1694 1034 1806 1119 Iacob,
1823 1033 1883 1100 sed
1897 1034 2043 1100 Israhel'.

387 1141 463 1205 Iuro
487 1151 520 1205 et
542 1163 602 1226 per
625 1163 710 1223 eum,
735 1142 792 1227 qui
815 1140 934 1228 Ioseph
958 1140 1110 1204 liberavit
1133 1138 1173 1204 de
1197 1161 1297 1204 manu
1319 1139 1455 1204 fratmm
1479 1162 1611 1218 snorum
1643 1151 1676 1206 et
1706 1164 1779 1208 eum
1807 1142 1986 1227 gratiosum
2010 1143 2043 1206 in

388 1247 490 1312 oculis
511 1247 691 1311 Pharaonis
716 1246 804 1329 fecit,
829 1257 864 1312 ut
887 1269 947 1333 ρετ
970 1269 1044 1311 eum
1068 1269 1088 1310 a
1110 1245 1196 1310 fame
1221 1245 1402 1310 salvaretur
1425 1247 1530 1310 omnis
1545 1246 1680 1312 Israhel.
1719 1248 1796 1312 Iuro
1820 1258 1853 1312 et
1875 1270 1936 1334 ρετ
1959 1271 2041 1330 eum,

388 1355 444 1439 qui
466 1353 605 1440 Moysen
629 1353 670 1417 de
702 1355 796 1440 aquis
826 1351 979 1417 liberavit
1009 1365 1040 1417 et
1071 1354 1102 1417 ei
1132 1354 1166 1416 in
1195 1351 1277 1417 rubo
1308 1355 1342 1416 in
1372 1353 1447 1438 igne
1478 1356 1640 1440 apparuit,
1672 1355 1793 1440 quique
1822 1377 1882 1441 ρετ
1911 1376 2042 1418 manum

387 1461 489 1546 ipsius
505 1460 613 1546 Moysi
636 1459 752 1525 decem
775 1459 890 1547 plagas
906 1459 1059 1546 Egyptiis
1083 1458 1190 1523 intulit
1214 1468 1246 1523 et
1267 1457 1424 1546 populum
1448 1481 1541 1523 suum
1557 1459 1797 1524 Israheliticnm
1820 1459 1862 1525 de
1887 1463 2040 1525 servitute
2060 1485 2083 1523 το

387 1566 534 1652 Egyptia
563 1565 715 1631 liberavit
746 1576 778 1630 et
807 1589 867 1653 per
897 1587 986 1630 mare
1022 1564 1157 1630 rubrum
1190 1587 1250 1651 ρετ
1285 1565 1407 1629 siccum
1443 1587 1498 1629 eos
1533 1567 1672 1630 transire
1707 1565 1801 1648 fecit,
1837 1565 1895 1630 ubi
1930 1576 2042 1631 contra

387 1683 537 1736 naturam
561 1671 690 1736 fluentis
715 1671 867 1736 elementi
896 1682 1063 1758 tamquam
1092 1693 1203 1736 murus
1228 1693 1313 1758 aqua
1336 1693 1371 1736 se
1396 1669 1533 1736 solidata
1557 1669 1715 1736 exhibuit.
1768 1671 1844 1737 Iuro
1868 1695 1929 1758 per
1958 1695 2039 1754 eum,

388 1779 444 1864 qui
467 1777 672 1843 Pharaonem
697 1787 729 1841 et
753 1779 934 1842 exercitum
965 1779 1034 1842 eius
1064 1779 1098 1841 in
1127 1777 1209 1842 mari
1240 1775 1337 1841 rubro
1369 1776 1531 1842 demersit.
1586 1776 1663 1842 Iuro
1693 1800 1752 1864 per
1781 1800 1866 1860 eum,
1898 1779 1955 1865 qui
1984 1800 2041 1865 ρετ

387 1885 475 1948 diem
498 1885 532 1948 in
556 1883 707 1949 columna
729 1882 826 1948 nubis
853 1883 1009 1970 populum
1032 1883 1269 1949 Israheliticnm
1300 1895 1333 1948 et
1362 1906 1422 1970 per
1452 1893 1579 1948 noctem
1609 1885 1645 1948 in
1675 1883 1826 1950 columna
1855 1887 1940 1971 ignis
1970 1908 2039 1972 pre-

388 1993 497 2055 cessit.
544 1991 619 2054 Iuro
643 2013 703 2077 per
727 2013 811 2071 eum,
837 1991 892 2077 qui
915 1989 1022 2076 Moysi
1046 1991 1080 2053 in
1103 1999 1212 2054 monte
1230 1989 1321 2055 Sinai
1344 1988 1450 2076 legem
1474 1989 1585 2076 digitis
1611 1991 1677 2055 suis
1700 1992 1735 2055 in
1758 1991 1880 2056 tabulis
1903 1991 2039 2078 lapideis
2057 2014 2079 2054 n

388 2099 541 2184 scriptam
573 2095 672 2161 dedit.
726 2096 802 2160 Iuro
837 2118 896 2184 per
931 2118 1021 2178 eum,
1057 2097 1113 2183 qui
1147 2097 1254 2182 ipsum
1288 2108 1432 2162 montem
1462 2095 1554 2163 Sinai
1589 2097 1748 2183 fumigare
1784 2098 1878 2180 fecit,
1909 2098 2039 2163 vidente

387 2204 507 2290 populo
537 2201 672 2268 Israhel.
726 2202 801 2268 Iuro
832 2225 891 2290 ρετ
922 2225 1012 2284 eum,
1051 2204 1106 2289 qui
1129 2202 1241 2267 Aaron
1271 2201 1334 2268 sibi
1365 2204 1504 2290 primum
1538 2203 1636 2289 elegit
1666 2204 1869 2270 sacerdotem
1904 2215 1938 2269 et
1973 2205 2039 2268 eius

387 2309 469 2374 tilios
493 2311 526 2374 in
549 2309 760 2375 tabernaculo
784 2311 860 2396 igne
885 2309 1094 2396 consumpsit,
1119 2331 1220 2396 quare
1243 2311 1352 2394 ignem
1377 2309 1518 2374 alienum
1541 2311 1613 2374 ausi
1636 2309 1775 2375 fuissent
1799 2310 2039 2376 offerrecoram

387 2416 539 2480 Domino.
593 2416 669 2480 Iuro
700 2438 759 2502 per
789 2439 873 2497 eum,
904 2415 960 2502 qui
990 2414 1124 2479 Dathan
1155 2427 1187 2479 et
1216 2413 1341 2479 Abiron
1372 2438 1430 2480 suo
1460 2417 1545 2480 iusto
1575 2415 1707 2498 iudicio,
1743 2427 1778 2482 ut
1808 2439 1864 2482 eos
1894 2418 2039 2482 viventes

386 2535 473 2587 terra
496 2521 696 2604 absorberet,
721 2523 846 2586 iussit*.
886 2520 961 2586 Iuro
986 2543 1045 2607 per
1068 2543 1152 2603 eum,
1177 2523 1233 2607 qui
1257 2543 1385 2586 amaras
1409 2544 1511 2608 aquas
1528 2521 1729 2588 admixtione
1745 2523 1826 2610 ligni
1841 2525 1876 2587 in
1892 2546 2039 2610 saporem
2056 2548 2081 2586 so

387 2628 569 2693 dulcedinis
605 2629 824 2693 commutavit.
887 2627 963 2692 Iuro
998 2648 1058 2713 per
1093 2649 1184 2710 eum,
1220 2629 1278 2714 qui
1311 2628 1432 2692 sitienti
1466 2627 1586 2715 populo
1621 2629 1824 2694 Israhelitico
1859 2632 1895 2694 in
1929 2630 2039 2696 Horeb

387 2737 589 2821 percutiente
613 2734 727 2820 Moyse
750 2735 845 2820 virga
868 2735 902 2798 in
925 2744 1019 2820 petra
1041 2735 1205 2798 inmensas
1230 2756 1387 2821 aquarum
1411 2734 1640 2800 inundationes
1665 2733 1823 2800 exhibuit.
1877 2736 1953 2802 Iuro
1983 2760 2040 2823 ρετ

387 2865 471 2922 eum,
503 2843 559 2927 qui
583 2855 629 2904 XL
652 2863 754 2906 annos
782 2839 937 2927 populum
964 2839 1202 2904 Israheliticnm
1232 2842 1266 2906 in
1297 2862 1406 2905 eremo
1436 2843 1528 2927 pavit
1558 2864 1734 2928 eorumque
1764 2843 1970 2926 vestimenta,
2000 2867 2039 2908 ne

387 2971 448 3012 usu
471 2946 706 3028 adtererentur,
730 2948 857 3032 integra
880 2969 1116 3033 usquequaque
1140 2948 1292 3014 servavit.
1339 2947 1415 3012 Iuro
1438 2970 1607 3034 pereum,
1635 2950 1690 3035 qui
1713 2948 1929 3014 inrevocabili
1952 2951 2041 3015 iussu

386 3053 549 3134 decrevit,
580 3076 621 3117 ne
653 3054 724 3138 quis
755 3053 796 3116 de
826 3052 1030 3118 Israhelitico
1061 3052 1181 3139 populo
1211 3055 1245 3118 in
1275 3063 1394 3118 terram
1425 3055 1686 3140 repromissionis
1719 3055 1871 3137 intraret,
1908 3055 1950 3120 ob
1980 3056 2040 3120 hoe
2058 3078 2082 3118 rs

387 3159 521 3242 scilieet,
553 3181 653 3246 quare
683 3157 793 3222 verbis
816 3159 950 3224 Domini
981 3181 1046 3223 non
1077 3158 1302 3242 credidissent,
1333 3161 1480 3247 exceptis
1510 3159 1586 3224 Iesu
1615 3160 1708 3225 Nave
1738 3172 1770 3226 et
1794 3160 1930 3248 Caleph,
1962 3184 2041 3249 quos

386 3267 462 3332 illuc
485 3268 661 3331 intraturos
684 3263 836 3352 predixit.
883 3265 959 3330 Iuro
990 3288 1049 3352 per
1079 3287 1163 3347 eum,
1196 3267 1251 3352 qui
1281 3268 1428 3352 precepit
1449 3266 1568 3352 Moysi,
1598 3277 1634 3331 ut
1664 3278 1790 3333 erectas
1820 3290 1936 3332 manus
1967 3291 2041 3333 suas

387 3383 500 3438 contra
522 3371 745 3436 Amalechitas
769 3373 874 3436 victor
901 3372 1040 3458 populus
1064 3371 1286 3437 Israheliticus
1318 3374 1481 3438 existeret.
1535 3372 1611 3438 Iuro
1641 3396 1701 3459 per
1731 3396 1815 3457 eum,
1846 3375 1903 3460 qui
1933 3385 2041 3461 patres

552 3569 577 3642 *l
604 3581 681 3632 coda.
702 3581 757 3630 Vl.
778 3585 803 3632 5.
828 3584 851 3634 8.
878 3584 918 3632 10.
945 3584 976 3631 15
999 3581 1114 3632 ddunt:
1140 3576 1205 3632 Iuro
1228 3595 1281 3648 per
1306 3595 1379 3644 eum,
1411 3578 1458 3648 qui
1486 3595 1588 3633 manna
1619 3585 1649 3634 et
1680 3579 1839 3634 coturnices
1869 3581 1898 3633 in
1928 3579 2042 3636 heremo

600 3683 705 3755 populo
729 3683 885 3739 Israelitico
908 3684 937 3738 in
962 3701 1055 3739 escam
1079 3685 1228 3740 concessit.
2060 3699 2083 3737 ao

492 3893 560 3950 XII,
588 3895 617 3950 3,
645 3895 686 3942 15.
736 3893 752 3946 l.
776 3895 800 3943 2.
836 3886 998 3956 repromisit]
1027 3894 1152 3958 promisit
1180 3885 1247 3936 Pith.
1316 3889 1379 3956 Per]
1409 3893 1473 3943 iuro
1502 3910 1551 3959 per
1578 3894 1650 3944 Mad.
1689 3893 1698 3954 ΙΙ
1736 3895 1800 3945 aa.
1837 3889 1872 3959 ei]
1902 3897 1942 3945 eis
1970 3895 2041 3944 Mad.

386 3984 402 4032 l.
421 3985 444 4032 4.
469 3997 518 4049 per
537 3976 609 4045 eum]
632 3997 680 4047 per
698 3982 788 4030 Deum
806 3981 846 4030 hic
864 3988 887 4030 et
904 3981 1003 4045 saepiae
1021 3980 1093 4045 infra
1112 3981 1182 4031 diod.
1230 3977 1386 4046 Sodomam]
1406 3988 1433 4032 ct
1452 3983 1612 4034 Gomorram
1630 3983 1691 4034 cdd.
1711 3983 1782 4033 Mad.
1812 3981 1821 4043 ll
1850 3984 1867 4034 l.
1886 3986 1910 4034 5.
1935 3991 1964 4034 et
1982 3979 2039 4050 per]

388 4071 452 4120 Iuro
479 4087 528 4136 ρετ
553 4070 625 4120 Mad.
658 4067 667 4128 Ι]
699 4071 715 4120 ἱ.
736 4072 760 4118 6.
789 4085 900 4120 nervum
922 4072 980 4119 eius
1000 4071 1110 4120 femoris
1133 4071 1203 4120 Mari.
1260 4065 1412 4135 vocaberis]
1438 4071 1511 4122 ultra
1535 4071 1595 4122 add.
1621 4071 1683 4122 Vl.
1711 4074 1734 4122 8.
1766 4071 1776 4132 Ι]
1807 4073 1824 4123 l.
1840 4075 1864 4124 7.
1893 4079 1920 4123 et
1937 4068 1996 4138 per]
2016 4079 2042 4123 et

385 4160 451 4209 deest
469 4159 540 4208 Mad.
573 4158 581 4219 Ι]
614 4160 631 4209 l.
651 4161 675 4208 8.
704 4175 720 4208 a
739 4159 809 4209 fame
829 4153 991 4222 salvaretur]
1011 4159 1078 4209 salv.
1099 4160 1132 4209 ab
1151 4161 1245 4226 inopia
1265 4161 1343 4210 famis
1363 4159 1450 4220 .llad.,·
1473 4167 1613 4212 erueretur
1632 4161 1738 4212 asama
1757 4161 1832 4212 V10.
1889 4169 1916 4212 et
1935 4157 1994 4228 per]
2015 4169 2042 4212 et

384 4249 451 4298 deest
472 4247 544 4298 Mod.
577 4245 586 4307 Ι]
618 4248 633 4298 t
654 4250 679 4298 9.
708 4242 796 4312 aquis]
815 4246 859 4297 Nil
879 4249 954 4297 fluvii
973 4247 1033 4298 add.
1055 4248 1118 4308 V83
1144 4250 1226 4298 maris
1250 4250 1325 4299 rubri
1346 4249 1407 4298 add.
1428 4249 1483 4299 Vb.
1539 4251 1608 4300 rubo
1634 4250 1662 4298 in
1688 4245 1763 4315 igne]
1789 4250 1827 4300 ita
1851 4250 1876 4299 V
1892 4254 1915 4300 1.
1942 4253 1966 4301 8.
1995 4253 2041 4311 10;
2061 4258 2083 4298 tt

386 4339 453 4387 rubo
474 4345 501 4387 et
519 4339 584 4402 igne
604 4337 668 4396 Vm
688 4337 769 4387 rubro
789 4335 935 4400 igneE13
956 4338 1023 4386 rubo
1043 4338 1125 4402 igneo
1146 4336 1231 4397 Pith,
1249 4337 1318 4387 rubo
1338 4339 1409 4402 ignis
1428 4338 1500 4388 Mod.
1537 4333 1648 4402 quique]
1671 4346 1698 4389 et
1717 4338 1788 4389 Mod.
1825 4355 1920 4389 manns
1941 4340 1999 4390 1⁷5.
2018 4341 2042 4390 8.

386 4425 456 4474 Mad.
478 4424 486 4485 Ι]
507 4425 523 4475 l.
540 4427 580 4476 10.
599 4425 688 4490 Moysi
700 4426 766 4475 deest
779 4425 850 4475 Mad.
891 4424 1003 4476 Israhel.
1016 4425 1082 4475 deest
1095 4423 1162 4474 Pitlr.
1184 4423 1193 4484 ]]
1214 4426 1230 4475 l.
1246 4427 1286 4475 11.
1307 4420 1482 4491 persiccum]
1498 4427 1578 4476 siccis
1592 4427 1709 4493 pedibus
1723 4427 1794 4477 iliad.
1815 4425 1824 4487 Ι]
1844 4428 1862 4477 l·
1877 4429 1918 4478 12.
1939 4443 2043 4478 murum

392 4513 453 4563 V8.
511 4530 583 4578 aqua
605 4531 634 4564 se
661 4513 779 4564 solidata
807 4509 938 4577 exhibuit]
964 4530 1060 4579 aquam
1087 4513 1266 4564 desolidatam
1292 4514 1397 4564 exibuit
1421 4513 1491 4576 V5;
1518 4529 1587 4578 aque
1614 4513 1779 4565 soliditatem
1806 4516 1931 4566 exhibuit
1956 4517 1980 4565 V
1996 4517 2042 4576 10;

385 4601 530 4652 solidatum
558 4604 682 4652 exhibuit
707 4603 776 4663 V8;
804 4619 875 4669 aqua
894 4603 928 4653 ab
949 4619 981 4653 εο
1000 4602 1120 4653 solidata
1138 4604 1215 4652 stetit
1232 4601 1304 4652 asad.
1336 4600 1345 4662 Ι]
1377 4603 1394 4652 l.
1416 4605 1456 4653 13.
1485 4604 1608 4653 dimersit
1627 4603 1689 4653 ΕΙ.
1745 4603 1810 4654 Ιιττο
1831 4621 1879 4670 ρετ
1905 4621 1968 4656 eum
1992 4605 2042 4656 des.

386 4690 456 4740 Mad.
489 4689 498 4748 ll
530 4691 546 4739 l.
569 4693 609 4739 15.
638 4692 667 4740 in
687 4687 788 4754 monte]
810 4699 929 4742 montem
950 4691 1017 4742 Pia.
1073 4690 1245 4756 SinayE1;
1273 4691 1338 4742 Sina
1357 4690 1422 4753 Vl;
1448 4691 1522 4756 Syna
1540 4692 1598 4742 V8.
1653 4690 1740 4756 legem
1759 4717 1795 4726 -
1814 4691 1890 4743 Sinai
1908 4693 2083 4744 des.E1.sc

385 4778 453 4828 Pith.
509 4777 617 4829 tabulas
646 4779 769 4845 lapideas
798 4779 863 4830 Vs.
901 4778 909 4841 l]
946 4782 962 4831 ἱ.
984 4781 1024 4830 16.
1057 4781 1161 4832 fumare
1190 4780 1261 4830 Mad.
1298 4777 1307 4840 l]
1343 4781 1360 4831 l.
1382 4782 1423 4831 Π.
1455 4775 1568 4844 Israhel]
1597 4779 1650 4830 Isrl
1677 4779 1705 4830 Ε
1726 4783 1755 4843 1;
1787 4779 1942 4832 israelitico
1970 4783 2041 4833 Mad.

384 4867 401 4916 l.
422 4869 463 4916 18.
492 4860 586 4931 quare]
604 4868 669 4932 quia
687 4868 758 4918 ilud.
796 4863 898 4935 ignem]
918 4871 943 4919 ei
962 4871 1053 4934 ignem
1073 4869 1225 4934 E13igue
1246 4869 1301 4918 Vl.
1334 4867 1343 4928 l]
1375 4869 1391 4918 l.
1414 4871 1454 4919 19.
1482 4875 1512 4918 nt
1532 4882 1579 4918 eos
1598 4870 1722 4919 viventes
1741 4866 1823 4933 terra]
1842 4870 1933 4921 hiatus
1953 4878 2040 4922 terrae

384 4957 508 5005 viventes
522 4955 593 5005 Mod.
617 4953 626 5014 l]
649 4957 666 5006 l.
680 4957 722 5008 20.
741 4953 918 5021 admixtione]
936 4975 984 5022 per
1003 4959 1196 5009 admixtionem
1215 4958 1279 5019 V8;
1298 4959 1464 5008 immixtione
1478 4957 1545 5007 Pius.
1583 4945 1708 5022 soporem
1727 4957 1755 5008 Ε
1766 4962 1789 5008 1.
1813 4956 1822 5018 Ι]
1844 4960 1861 5010 l.
1876 4961 1918 5010 21.
1937 4955 2040 5025 Horeb]

384 5044 420 5094 ita
445 5042 473 5093 Ε
491 5046 520 5106 1;
547 5045 639 5110 Oreph
664 5045 688 5094 V
703 5047 733 5108 83
760 5047 833 5097 Oreb
858 5055 913 5096 cett.
945 5046 954 5107 ]
986 5047 1003 5096 l.
1022 5047 1065 5098 22.
1089 5049 1194 5114 virgam
1214 5047 1270 5096 V8.
1291 5045 1359 5096 Pith.
1414 5051 1518 5110 petram
1542 5045 1603 5095 V8.
1659 5041 1791 5112 exhibuit]
1816 5049 1945 5112 produxit
1970 5049 2040 5099 Mad.

384 5133 463 5182 123.
492 5135 570 5184 annis
590 5133 658 5184 Ital.
690 5132 699 5194 Ι]
731 5136 748 5185 l.
768 5137 810 5186 24.
838 5137 947 5200 integra
966 5138 1140 5186 conservavit
1159 5136 1234 5185 V10.
1267 5133 1275 5194 l]
1307 5135 1323 5183 l.
1344 5135 1386 5184 25.
1416 5135 1502 5184 lsrah.
1522 5129 1636 5200 populo]
1661 5134 1724 5186 filiis
1744 5136 1830 5186 lsrael
1854 5137 1923 5187 Pith.
1977 5153 2039 5204 pro·
2058 5144 2083 5183 tt

384 5221 519 5272 missionis
547 5219 618 5272 Mod.
652 5222 660 5284 ll
692 5224 708 5274 l.
729 5225 770 5274 26.
800 5220 894 5289 quare]
922 5224 985 5288 quia
1010 5225 1082 5274 Mod.
1136 5217 1237 5286 verbis]
1263 5223 1374 5272 uerbum
1401 5221 1425 5270 V
1441 5225 1463 5272 1.
1491 5225 1514 5272 8.
1570 5229 1700 5288 exceptus
1724 5223 1795 5286 V8;
1825 5231 1941 5291 excepto
1969 5226 2040 5276 Mad.

384 5311 400 5360 l.
415 5312 456 5361 27.
476 5306 601 5376 predixit]
613 5313 738 5375 promisit
752 5319 779 5363 et
792 5315 909 5378 predixit
922 5313 993 5363 Mad.
1032 5319 1137 5363 erectas
1151 5328 1245 5362 manus
1258 5307 1331 5373 suas]
1351 5312 1388 5361 ita
1407 5311 1476 5373 513
1496 5318 1588 5362 erecta
1601 5328 1683 5362 manu
1696 5327 1746 5363 sna
1758 5321 1813 5364 cett·
1835 5310 1844 5373 Ι]
1868 5315 1884 5365 l.
1898 5315 1942 5365 28.
1961 5315 2040 5366 Ama-

385 5393 508 5462 lechitas]
528 5398 712 5451 Amalechitas
732 5401 814 5462 V10;
833 5399 995 5452 Malechitas
1014 5401 1078 5462 Vl;
1097 5400 1253 5451 Malachitis
1270 5400 1330 5461 Vs;
1346 5398 1508 5450 maledictos
1524 5400 1602 5462 V20;
1615 5400 1760 5452 Malacitas
1774 5401 1845 5453 aad.
1868 5401 1878 5464 Ι]
1901 5403 1975 5455 429.
1995 5404 2040 5455 ha·

385 5483 467 5551 remo]
486 5487 523 5537 ito
543 5488 606 5551 Vl;
627 5504 717 5540 eremo
736 5497 790 5540 cett.
823 5487 831 5550 l]
863 5491 880 5541 l.
900 5492 942 5541 30.
972 5505 1036 5540 esca
1056 5489 1112 5539 Vl.

493 5667 521 5738 τ)
554 5668 626 5728 een.
653 5668 704 5740 τε,
732 5671 789 5740 la·
821 5671 872 5741 ao,
897 5671 926 5727 4.
1021 5669 1051 5740 a)
1082 5668 1155 5729 aa.
1182 5669 1232 5739 35,
1260 5669 1309 5725 10.
