4388 6226
574 361 869 418 SIlPPLEllENTA.
894 393 936 401 —
961 362 1075 420 OONO.
1100 365 1241 419 TOLET.
1266 365 1334 420 XII.
1357 365 1438 420 XIII.

288 549 332 613 II.
372 549 425 613 De
449 548 510 630 his,
535 550 590 635 qui
615 551 848 635 paenitentiam
872 573 936 614 non
961 553 1137 615 sentientes
1161 552 1337 637 accipiunt.

286 657 348 721 III.
387 656 440 720 Dc
465 655 666 740 culpatorum
691 657 877 742 receptione
902 657 954 720 vel
979 659 1204 722 communione
1229 657 1317 744 apud
1341 657 1523 722 ecclesiam.

286 763 364 827 IIII.
405 762 505 826 Utin
529 762 620 843 locis,
644 761 701 826 ubi
726 764 898 849 episeopus
921 787 986 827 non
1010 764 1080 845 fuit,
1104 787 1280 851 numquam
1305 766 1479 852 episcopus
1502 765 1679 830 ordinetur.

286 870 327 934 V.
367 869 420 934 De
444 869 648 956 quorundam
672 869 906 934 consuetudine
931 871 1135 937 sacerdotnm
1159 871 1357 954 foedissima,
1389 874 1446 960 qui
1470 871 1586 937 oblatis
1610 873 1683 936 Deo
1708 895 1767 958 per
1797 895 1832 937 se

146 977 349 1042 ssacrificiis
373 1000 438 1041 non
462 977 712 1040 communicant.

286 1085 344 1148 VI.
384 1084 436 1147 De
461 1105 618 1147 concessa
633 1082 791 1147 Toletano
815 1083 960 1169 pontifici
984 1084 1147 1174 generalis
1164 1084 1280 1171 synodi
1297 1096 1467 1172 potestate,
1484 1097 1519 1150 ut
1536 1087 1681 1173 episcopi
1699 1085 1832 1151 alterius

177 1193 366 1278 provinciae
392 1213 465 1254 cum
491 1191 698 1254 conniventia
720 1191 906 1276 principum
928 1191 963 1253 in
986 1189 1067 1255 urbe
1091 1193 1183 1276 regia
1207 1191 1404 1256 ordinentur.

285 1298 360 1361 Vll.
407 1297 459 1360 De
490 1307 621 1382 recepto
652 1297 836 1361 testimonio
866 1320 1088 1383 personarum,
1120 1299 1176 1384 qui
1206 1321 1265 1385 per
1295 1298 1411 1384 legem,
1442 1322 1526 1386 quae
1558 1300 1599 1364 de
1629 1301 1832 1386 promotione

178 1407 342 1469 exercitus
365 1405 453 1469 facta
477 1414 525 1468 est
536 1409 556 1485 ¹,
581 1403 777 1468 testificandi
800 1404 965 1468 licentiam
989 1403 1210 1491 perdiderunt.

132 1539 159 1577 ιο
286 1512 376 1576 VIII.
401 1511 454 1575 De
478 1510 538 1591 his,
563 1513 620 1597 qui
642 1533 761 1575 uxores
786 1534 861 1576 suas
886 1511 1025 1576 divortio
1049 1511 1272 1576 intercedente
1296 1512 1493 1599 relinquunt.

283 1619 344 1682 IX.
385 1618 436 1681 De
461 1617 705 1682 confirmatione
737 1617 855 1702 legum,
887 1639 971 1704 quae
1002 1619 1036 1682 in
1058 1618 1254 1684 Iudaeorum
1285 1621 1463 1706 nequitiam
1493 1621 1716 1707 promulgatae
1748 1631 1832 1704 suut,

177 1727 268 1790 iuxta
284 1725 461 1790 earundem
480 1723 588 1809 legum
608 1724 789 1811 praefixum
814 1723 960 1788 ordinem
977 1725 1153 1807 titulorum,
1170 1728 1226 1812 qui
1243 1729 1276 1790 in
1294 1727 1408 1792 eodem
1426 1750 1550 1792 canone
1568 1732 1831 1792 annumeratur2.

284 1833 327 1896 X.
368 1831 420 1896 De
445 1831 504 1910 his,
530 1833 584 1917 qui
610 1830 651 1894 ad
676 1831 849 1896 ecclesiam
873 1831 1060 1918 confugium
1084 1833 1218 1897 faciunt.

284 1940 343 2004 XI.
384 1939 436 2002 De
461 1936 638 2002 cultoribus
661 1937 831 2003 idolorum.

131 2077 157 2116 1⁶
283 2047 359 2110 XII.
400 2045 452 2109 De
476 2045 649 2109 interdicto
672 2047 828 2131 temporis
853 2046 1028 2128 constituti,
1055 2069 1118 2132 quo
1143 2046 1263 2112 debeat
1287 2048 1460 2113 concilium
1485 2047 1653 2113 celebrari.

283 2154 378 2218 XIII.
405 2151 578 2217 Conclusio
604 2151 838 2234 definitionum,
863 2153 895 2215 in
919 2174 985 2239 qua
1008 2165 1040 2217 et
1063 2153 1136 2218 Deo
1161 2156 1285 2239 gratiae
1317 2155 1501 2220 referuntur
1531 2166 1563 2220 et
1592 2179 1651 2242 pro
1683 2155 1830 2242 principe

175 2274 338 2326 exoratur.

283 2366 410 2448 Quibus
435 2366 583 2432 onmibus
608 2364 819 2453 synodalibus
843 2367 943 2452 gestis
967 2365 1107 2431 decretis
1132 2378 1229 2454 atque
1245 2369 1387 2454 peractis
1405 2380 1437 2432 et
1453 2367 1596 2433 debitam
1613 2371 1831 2433 reverentiam

176 2476 307 2540 honoris
332 2474 550 2560 impendimus
575 2485 607 2538 et
629 2473 775 2560 patulum
800 2475 1000 2537 auctoritatis
1024 2486 1154 2538 nostrae
1178 2475 1326 2560 vigorem
1350 2475 1399 2539 his
1416 2477 1583 2540 Innectere
1600 2497 1830 2561 procuramns;

129 2613 157 2650 20
176 2582 314 2668 ideoque
339 2583 535 2667 praemissas
559 2580 617 2644 has
642 2581 886 2645 constitutiones
918 2580 1093 2667 synodicas
1124 2604 1143 2646 a
1172 2584 1336 2668 praesenti
1367 2581 1420 2646 die
1444 2582 1497 2646 vel
1528 2593 1684 2669 tempore,
1716 2581 1750 2646 id
1781 2593 1831 2646 est

175 2687 357 2753 abactam
388 2687 548 2752 kalendas
570 2685 767 2752 Februarias
798 2710 882 2751 anno
907 2689 1009 2774 primo
1039 2689 1133 2774 regni
1163 2690 1296 2770 nostrii,
1327 2688 1433 2754 nullus
1464 2688 1585 2753 audeat
1609 2699 1829 2771 contemnere,

175 2795 280 2860 nullus
305 2797 402 2860 etiam
427 2797 615 2881 praeterire,
643 2817 738 2858 nemo
763 2794 939 2858 earundem
964 2796 1228 2860 constitutionum
1252 2793 1387 2859 audebit
1409 2797 1481 2860 iura
1504 2795 1698 2877 convellere,
1723 2795 1831 2860 nullus

175 2914 349 2967 temerator
384 2901 465 2966 haec
502 2885 647 2966 decreta
669 2900 852 2982 subvertet,
887 2923 982 2964 nemo
1013 2898 1178 2964 illicitator
1207 2899 1260 2963 vel
1292 2911 1495 2986 contemptor
1525 2902 1672 2986 vigorem
1702 2902 1752 2966 his
1782 2904 1830 2966 in·

176 3009 396 3074 stitutionibus
436 3007 620 3088 subtrahet,
664 3008 722 3072 sed
757 3007 952 3092 generaliter
986 3030 1044 3094 per
1079 3017 1213 3071 cunetas
1248 3008 1342 3091 regni
1380 3009 1482 3071 nostri
1521 3009 1708 3094 provincias
1747 3010 1831 3074 haec

129 3146 155 3184 ss
175 3139 335 3180 canonum
371 3118 518 3181 instituta
553 3127 682 3180 nostrae
721 3114 844 3200 gloriae
880 3114 1080 3201 temporibus
1116 3125 1189 3178 acta
1224 3125 1256 3178 et
1291 3115 1493 3178 auctoritatis
1529 3114 1659 3179 debitae
1699 3115 1831 3202 fastigio

174 3222 422 3310 praepollebunt
446 3234 478 3286 et
500 3220 706 3286 irrevocabili
736 3221 929 3286 iudiciorum
954 3222 1120 3303 exercitia,
1152 3232 1247 3308 prout
1271 3223 1464 3286 constitutae
1496 3233 1580 3304 sunt,
1611 3224 1645 3286 in
1678 3221 1829 3287 omnibus

175 3333 266 3417 regni
290 3333 391 3395 nostri
415 3332 592 3418 provinciis
617 3328 762 3394 celebres
787 3327 1002 3393 habebuntur.
1051 3328 1085 3393 Si
1110 3329 1182 3415 quis
1206 3340 1315 3392 autem
1340 3328 1422 3393 haec
1452 3329 1598 3393 instituta
1630 3340 1826 3408 contemnat,

176 3449 434 3525 contemptorum
460 3460 494 3502 se
518 3438 646 3500 noverit
665 3436 814 3500 damnari
838 3438 1007 3516 sententia,
1033 3435 1142 3516 idest,
1166 3445 1202 3499 ut
1226 3437 1317 3500 iuxta
1339 3436 1540 3500 voluntatem
1556 3447 1686 3502 nostrae
1703 3435 1828 3522 gloriae

174 3556 206 3610 et
230 3547 529 3610 excommunicatus
553 3565 573 3607 a
597 3555 692 3609 coctu
715 3554 824 3608 nostro
848 3543 972 3606 resiliat
996 3554 1028 3606 et
1056 3544 1191 3628 insuper
1223 3541 1383 3605 decimam
1413 3553 1540 3628 partem
1570 3543 1617 3606 rei
1649 3565 1726 3606 suae
1756 3543 1826 3607 fisci

129 3652 320 3740 apartibus
345 3651 532 3716 sociandam
557 3652 697 3732 amittat,
730 3650 866 3736 quodsi
897 3649 978 3714 nihil
1008 3649 1159 3736 habuerit
1188 3648 1361 3730 facultatis,
1392 3647 1479 3713 unde
1508 3648 1709 3734 praedictam
1741 3671 1826 3712 com-

173 3761 367 3846 positionem
398 3757 568 3822 exsolvere
599 3759 717 3844 possit,
754 3755 876 3843 absque
908 3756 1016 3843 aliquo
1046 3756 1181 3819 infamio
1212 3756 1262 3822 sui
1294 3756 1531 3842 quinquaginta
1560 3778 1634 3820 enm
1666 3754 1829 3841 oportebit

173 3867 291 3932 ictibus
314 3864 492 3930 verberari.

280 3973 378 4037 Edita
401 3971 455 4036 lex
485 3973 518 4035 in
549 3972 797 4048 confirmatione¹
825 3969 953 4034 concilii
978 3969 1092 4033 Toleto
1123 3966 1183 4033 sub
1215 3969 1266 4034 die
1298 3979 1413 4034 octavo
1441 3968 1601 4033 kalendas
1628 3967 1827 4033 Februarias

173 4104 258 4145 anno
282 4080 421 4144 feliciter
444 4080 548 4166 primo
572 4080 687 4164 regni³
710 4077 832 4163 gloriae
857 4089 995 4143 nostrae.
1039 4076 1077 4138 ln
1100 4069 1230 4140 nomine
1250 4077 1393 4140 Domini.
1435 4075 1569 4139 Flavius
1588 4075 1742 4160 Ervigius
1766 4097 1826 4138 rex

127 4215 153 4254 as
172 4189 233 4253 hoc
258 4186 339 4273 legis
363 4197 492 4251 nostrae
517 4186 658 4250 edictum
682 4187 715 4249 in
739 4185 982 4249 confirmatione
1006 4183 1101 4247 buius
1125 4183 1254 4247 concilii
1277 4182 1515 4270 promulgatum
1539 4181 1726 4268 subscripsi.

616 4451 901 4528 CONCILIUM
928 4450 1248 4532 TOLE'FANUM
1273 4451 1380 4524 XIII.

840 4570 886 4670 (a.
916 4574 999 4658 683,
1033 4571 1156 4669 Nou).

482 4739 511 4802 Τ
512 4737 637 4803 (ultus
661 4735 855 4800 ERVIGII
872 4734 1016 4799 REGIS
1037 4734 1264 4800 'CONCILIO
1291 4735 1514 4800 OBLATUS.

171 4865 217 4929 In
252 4867 415 4930 nominc
451 4863 629 4928 Domini.
687 4860 859 4924 Flavius
894 4859 1092 4944 Ervigius
1127 4881 1200 4924 rex
1235 4861 1520 4924 sanctissimis
1554 4857 1747 4946 patribus
1782 4861 1822 4924 in

124 5000 152 5038 ro
612 4968 687 5032 hac
719 4978 865 5032 sancta
896 4965 1052 5052 synodo
1083 4966 1383 5031 residentibus.

277 5097 376 5180 Ecce,
410 5095 605 5160 sanctissimi
634 5093 787 5179 religiosa
816 5094 937 5178 pietate
969 5092 1140 5156 excolendi
1171 5093 1340 5179 pontifices
1371 5101 1404 5157 et
1433 5092 1536 5157 divini
1567 5091 1670 5158 cultus
1701 5094 1822 5158 instan-

170 5205 285 5268 tissimi
310 5215 496 5284 sectatoreS,
522 5223 631 5266 coram
656 5211 767 5265 coetus
791 5201 891 5264 vestri
915 5200 1100 5263 reverentia
1114 5198 1244 5264 humilis
1261 5199 1462 5286 devotusque
1478 5210 1674 5286 prosternor,
1691 5199 1822 5266 reclinis

171 5313 298 5392 assisto,
323 5321 491 5398 promptus
515 5306 704 5394 adstipulor,
729 5308 868 5394 primum
893 5305 933 5370 de
958 5316 1136 5370 conventus
1159 5307 1259 5370 vestri
1288 5307 1519 5392 aggregatione
1550 5307 1634 5392 patri
1663 5305 1822 5373 luminum

172 5419 348 5504 gratiarum
377 5417 505 5503 copiam
537 5415 676 5497 solvcnS,
708 5413 825 5478 deinde
850 5425 997 5477 votorum
1029 5436 1173 5478 meorum
1204 5413 1311 5477 studia
1335 5415 1451 5477 vestris
1481 5412 1608 5478 iudiciis
1639 5412 1823 5478 dirimenda

123 5643 151 5680 ra
280 5623 308 5692 1)
335 5623 383 5694 Cf.
408 5642 498 5697 supra
516 5643 549 5697 p.
569 5621 631 5678 372
657 5643 686 5678 a.
706 5623 733 5676 l.
761 5621 833 5676 374.
926 5617 956 5688 2)
983 5617 1031 5690 Os.
1055 5637 1145 5692 supra
1163 5638 1196 5694 p.
1215 5617 1275 5674 427
1298 5639 1326 5675 n.
1347 5619 1374 5673 l.
1467 5617 1497 5680 3)
1523 5617 1560 5674 D.
1580 5616 1630 5674 25.
1648 5617 1713 5675 Ian.
1737 5638 1766 5674 a.
1786 5639 1820 5693 p.

171 5729 239 5790 Otr.
264 5730 337 5786 681.
