4372 6254
681 333 875 390 ADDENDA
900 334 951 389 ET
975 331 1240 390 CORRIGENDA.
1673 333 1787 390 XXXV

137 544 309 589 occurrere
339 544 400 586 nec
430 519 528 586 rebus
559 543 671 587 aarum
705 522 924 586 necessariam
962 542 1074 585 curam
1110 520 1306 606 inpendere,
1343 543 1382 586 ea
1416 521 1542 587 scilicet
1575 523 1717 606 ratione,
1751 534 1788 589 ut

80 677 83 683 -
138 629 268 713 eclesia,
293 651 356 717 qne
380 628 494 693 decem
518 627 669 693 habuerit
691 629 865 715 mancipia,
890 650 988 715 super
1011 649 1045 692 se
1076 625 1196 692 habeat
1226 628 1445 713 sacerdotem3
1477 651 1540 717 que
1570 653 1649 696 vero
1680 631 1788 696 minus

137 737 253 803 decem
276 737 442 824 mancipia
463 735 623 818 habuerit,
647 734 720 800 aliis
744 737 958 821 coniungatur
981 734 1119 800 eclesiis.
1168 734 1204 801 Si
1233 735 1306 822 quis
1337 757 1415 800 saue
1446 738 1672 826 episcoporum
1702 738 1787 804 hanc

137 855 281 910 nostram
318 844 554 908 institutionem
591 841 854 930 parvipenderit,
902 852 934 906 et
973 840 1141 929 quidpiam
1180 841 1299 907 exinde
1337 843 1560 910 temerandum
1600 845 1786 928 crediderit,

105 952 276 1018 eduorum
305 952 466 1016 mensium
496 951 609 1038 spatiis
640 972 673 1014 se
703 951 831 1015 noverit
860 949 1163 1014 excomunicatione
1194 948 1333 1013 multari.
1388 950 1453 1014 Hic
1483 961 1591 1016 tamen
1621 975 1706 1040 pene
1745 939 1787 1017 ad

137 1069 311 1147 postquam
337 1057 683 1124 excommunicationis
712 1056 885 1122 interdicto
917 1055 1073 1138 ordinem,
1104 1057 1155 1120 sui
1184 1054 1380 1121 remeaberit
1409 1056 1516 1123 locum
1547 1069 1682 1125 cunctus
1713 1060 1787 1126 nius

138 1167 272 1232 canonis
295 1164 401 1230 modis
424 1163 574 1231 omnibus
596 1162 749 1229 studeant
771 1163 905 1250 inplere.

245 1279 262 1329 l.
289 1280 314 1328 1.
350 1293 401 1328 nec
430 1272 519 1338 rebus]
548 1275 596 1326 sed
624 1291 675 1326 nec
703 1277 783 1326 rebus
815 1276 887 1326 Corte.
926 1273 935 1335 ΙΙ
974 1278 991 1328 L
1016 1278 1040 1327 2.
1074 1271 1137 1341 que]
1168 1277 1294 1341 cuiquam
1320 1275 1345 1324 V
1359 1279 1407 1339 143
1438 1292 1506 1342 quse
1535 1294 1621 1344 usque
1649 1281 1684 1332 ad
1714 1279 1786 1332 (lonc.

138 1369 155 1419 t
174 1370 200 1419 4.
228 1367 414 1419 temerandam
432 1366 508 1417 1⁷13.
564 1359 719 1430 crediderit]
745 1365 897 1432 prodiderit
920 1365 999 1415 1⁷14.
1033 1363 1041 1425 Η
1073 1366 1090 1415 1.
1110 1367 1135 1415 5.
1163 1381 1285 1416 mensum
1305 1364 1380 1417 V13.
1435 1364 1551 1430 multari]
1577 1368 1674 1436 reliqum
1697 1369 1788 1421 desunt

91 1469 119 1509 ιο
144 1458 169 1507 V
185 1460 226 1509 16.
281 1457 336 1508 Hic
355 1463 447 1507 tamen
471 1449 551 1522 pene]
578 1457 616 1505 ita
640 1471 738 1520 nempe
766 1455 839 1506 Oeae.
895 1455 929 1506 ad
947 1449 1098 1520 postquam]
1117 1461 1149 1505 ut
1165 1460 1308 1520 postquem
1328 1471 1344 1504 a
1365 1454 1438 1507 Cone.
1469 1454 1478 1516 ΙΙ
1510 1457 1527 1507 ἱ.
1547 1457 1571 1507 6.
1600 1453 1732 1523 ordinem]
1752 1459 1788 1510 ad

139 1547 242 1598 ordinis
263 1546 336 1599 (iona
382 1550 497 1598 cunctas
516 1545 598 1595 huius
617 1545 730 1596 canonis
748 1545 905 1596 sanctiones
924 1545 1011 1594 modis
1032 1544 1105 1595 Cone.

947 1668 967 1728 4

244 1774 321 1840 Post
342 1773 376 1856 V,
401 1776 432 1856 4,
458 1774 476 1836 9
495 1775 628 1860 praebet
654 1771 731 1838 dod.
756 1772 816 1835 Vs
841 1771 897 1836 hoc
920 1786 1031 1858 caput:

138 1881 182 1946 X.
225 1879 267 1946 Si
291 1881 384 1968 quis
407 1901 490 1944 rem
513 1879 692 1944 alienam
716 1877 908 1943 donatam
931 1877 998 1942 vel
1022 1890 1304 1965 comparatam
1328 1879 1515 1944 scienter
1538 1883 1786 1969 susceperit.

92 2015 120 2056 ιι
246 1986 283 2053 Si
312 1987 385 2075 quis
419 1987 579 2073 ingenuus
614 1983 787 2052 cuiuslibet
819 2008 888 2050 rern
923 1984 1053 2049 sibimet
1087 1986 1228 2050 scienter
1262 1987 1483 2072 presumptive
1514 1987 1705 2074 aplicaverit
1734 1988 1787 2054 vel

140 2105 362 2182 comparatam
390 2093 571 2158 voluntarie
601 2093 778 2158 accesserit
807 2103 863 2156 aut
892 2092 1044 2157 donatam
1074 2095 1269 2179 susceperit,
1301 2095 1407 2159 sciens
1437 2116 1504 2158 rem
1536 2117 1607 2160 esse
1636 2095 1786 2179 alienam,

140 2201 217 2268 dum
247 2201 396 2268 dominus
426 2223 478 2266 res
508 2223 584 2265 suas
613 2198 812 2287 probaverit,
844 2222 918 2264 eum
948 2197 1097 2263 omnibus
1128 2210 1219 2264 actor
1248 2202 1500 2287 presumptionis
1531 2200 1663 2289 tridupli
1694 2203 1786 2268 satis-

139 2308 281 2374 factione
312 2318 447 2395 cogatur
476 2307 644 2374 exsolvere
676 2306 799 2386 eidem,
835 2308 887 2372 cui
918 2329 970 2370 res
1005 2328 1075 2370 esse
1107 2306 1268 2372 videntur.
1327 2307 1363 2374 si
1396 2307 1532 2373 libertus
1566 2309 1628 2374 hoc
1662 2308 1787 2393 fecerit,

139 2415 273 2504 duplam
295 2417 551 2503 conpositionem
575 2413 733 2479 exsolvat.
779 2413 823 2478 Et
850 2414 878 2477 si
909 2435 1022 2477 servus
1052 2413 1150 2478 fuerit
1181 2425 1213 2478 et
1242 2413 1365 2502 absque
1388 2414 1552 2480 voluntate
1584 2415 1706 2480 domini
1736 2417 1786 2481 sui

91 2549 120 2589 ιο
139 2524 201 2590 hoc
223 2522 348 2606 fecerit,
372 2522 522 2609 simplum
546 2523 695 2587 restituat
718 2531 750 2585 ct
773 2530 902 2586 centum
926 2519 1056 2606 flagella
1079 2521 1245 2607 suscipiat.

245 2635 277 2696 V,
297 2638 322 2696 4,
343 2637 385 2686 10.
424 2633 484 2686 cod.
503 2634 560 2685 Va.
588 2660 624 2669 —
651 2635 668 2684 l.
690 2635 729 2684 16.
759 2639 930 2698 comparatos
950 2632 1006 2682 1⁷9.
1039 2633 1048 2693 ΙΙ
1079 2633 1096 2682 l.
1118 2633 1159 2684 11.
1186 2628 1308 2700 tridupli]
1327 2634 1362 2684 sic
1380 2634 1437 2684 Vs.

244 2756 412 2822 Praeterea
435 2757 510 2820 daec
534 2757 654 2820 leniora
677 2769 782 2820 errata
805 2753 993 2842 corripendc
1015 2768 1104 2818 aaut:

239 2887 269 2934 p.
288 2870 330 2930 22,
350 2869 367 2919 1.
389 2869 421 2919 16
439 2867 468 2918 in
485 2867 598 2933 marpissa
611 2883 661 2932 pro
681 2863 720 2916 ‘L.
740 2865 789 2915 Va.
809 2865 843 2914 V’
863 2866 927 2931 lupe:
947 2863 978 2914 L.
998 2863 1048 2914 Via.
1067 2865 1116 2915 IV.
1143 2891 1178 2898 —
1198 2882 1228 2930 p.
1248 2867 1290 2927 61,
1310 2867 1326 2915 l.
1347 2867 1380 2916 24
1404 2883 1451 2931 pro
1470 2868 1620 2931 protexerit
1639 2867 1703 2932 leae:
1725 2884 1786 2934 pro·

136 2960 258 3009 traxerit.
280 2983 310 2992 -
331 2974 361 3023 p.
380 2958 423 3018 16,
443 2957 460 3007 l.
481 2958 514 3006 18
528 2973 579 3022 pro
598 2954 696 3021 legibis
715 2955 779 3021 kyr:
799 2954 915 3020 legibus.
934 2980 969 2988 -
988 2971 1016 3018 p.
1038 2956 1096 3016 146,
1117 2956 1133 3005 1.
1155 2957 1187 3004 19
1202 2972 1253 3020 pro
1272 2952 1357 3006 ‘Piis’
1376 2955 1441 3021 leae:
1460 2954 1528 3005 Pru.
1551 2981 1587 2990 -
1604 2973 1634 3022 p.
1656 2957 1714 3018 182,
1734 2957 1750 3006 l.
1770 2957 1787 3006 2

88 3055 117 3097 st
131 3064 183 3112 pro
201 3048 330 3113 integrun
349 3048 414 3113 laps.-
439 3047 582 3112 integrum.
610 3070 641 3079 -
663 3062 694 3111 p.
713 3045 773 3106 225,
797 3045 814 3094 l.
834 3046 868 3094 86
889 3052 949 3108 post
967 3041 991 3094 ‘t
1013 3043 1063 3093 163
1081 3043 1176 3094 tmere:
1196 3039 1306 3108 nuliam]
1325 3045 1362 3095 ita
1381 3045 1412 3095 R.
1433 3043 1503 3107 Ε2,·
1521 3043 1598 3095 nulia
1616 3044 1679 3095 El.
1699 3044 1726 3096 V.
1751 3070 1787 3079 —

131 3153 162 3202 p.
182 3138 241 3198 228,
261 3137 278 3187 L
298 3137 314 3186 6
328 3153 378 3202 pro
397 3135 580 3186 conmendsts
598 3135 662 3201 lepe:
682 3134 870 3184 conmendsta.
888 3158 924 3167 —
939 3149 968 3198 p.
982 3134 1042 3194 243,
1062 3132 1078 3182 l.
1095 3135 1127 3184 41
1143 3141 1203 3198 poet
1221 3133 1277 3183 Vl.
1298 3135 1322 3185 2.
1343 3136 1358 3183 4
1377 3133 1430 3184 dele
1449 3135 1482 3196 6,·
1498 3134 1531 3184 ib.
1550 3134 1567 3183 l.
1587 3135 1621 3184 42
1636 3141 1694 3199 post
1711 3135 1786 3204 regie

143 3226 191 3277 Vs
209 3225 289 3277 adde:
316 3224 389 3292 regie
410 3224 479 3276 Pia.
498 3224 526 3276 ia
543 3241 622 3290 marq.
648 3249 683 3258 —
704 3225 851 3289 p.344,1.
872 3223 887 3272 6
909 3239 959 3287 pro
978 3219 1089 3272 clusura
1107 3223 1172 3288 laps:
1192 3221 1338 3273 clusuram.
1364 3249 1399 3257 -
1420 3240 1450 3289 p.
1470 3225 1530 3286 4⁷3,
1549 3224 1566 3275 t
1586 3224 1603 3272 4
1624 3240 1674 3289 pro
1692 3223 1787 3274 defini·

135 3317 213 3368 tioue
231 3317 296 3382 lepe:
316 3315 481 3366 definitione.
