4454 6232
378 299 443 362 330
927 304 1006 358 LEX
1029 301 1333 358 VISIGOTHORUM
1356 300 1436 369 VIII,
1454 299 1484 353 4.

378 504 474 556 llaec.
488 500 574 572 Ean}
616 491 692 554 VII.
732 489 769 556 Si
793 489 1042 576 qualiacumque
1066 487 1221 551 animalia
1244 485 1286 550 ab
1310 486 1418 549 invice
1442 493 1639 550 evertantur.

462 616 554 680 VIII.
595 615 630 680 Si
666 613 819 678 damnum
854 613 908 678 vel
943 614 1094 678 iniuriam
1128 611 1305 697 inpellente
1340 620 1397 674 aut
1431 609 1500 673 sine
1540 608 1694 673 damnum
1732 607 1874 672 alienum
1916 607 2041 672 animal

594 720 771 786 occidatur.

442 845 552 909 VIIII.
594 845 630 910 Si
652 843 712 908 bos
736 843 862 908 alienus
886 844 956 906 sine
980 843 1104 907 domini
1125 841 1303 906 volumtate
1328 839 1482 927 operibus
1506 838 1707 924 subiugatur.

511 969 554 1032 X.
595 967 631 1033 si
655 968 904 1054 qualiacumque
928 966 1082 1030 animalia
1105 966 1228 1030 trituris
1253 987 1329 1028 aree
1353 964 1540 1050 fatigentur.

496 1093 556 1156 XI.
598 1091 633 1156 Si
657 1114 757 1177 pecus
782 1089 906 1177 absque
931 1090 1049 1154 damno
1073 1091 1107 1152 in
1131 1089 1294 1153 clusuram
1318 1091 1472 1152 mittatur.

477 1216 554 1280 XII.
596 1215 631 1279 Si
655 1214 776 1279 animal
800 1216 994 1299 cuicumque
1017 1213 1118 1276 faciat
1142 1212 1369 1299 quodcumque
1394 1212 1595 1276 damnosum.

459 1340 554 1404 XIII.
595 1339 630 1404 Si
655 1338 882 1425 quodcumque
907 1336 1027 1401 animal
1051 1359 1255 1423 quacumque
1280 1337 1489 1423 percussione
1514 1335 1710 1401 debilitetur.

440 1464 554 1528 XIIII.
595 1463 630 1528 Si
653 1485 755 1549 pecus
780 1461 921 1526 alienum
945 1462 1068 1526 sciente
1093 1483 1135 1524 an
1158 1461 1330 1546 ignorante
1355 1460 1485 1525 domino
1509 1461 1602 1545 gregi
1626 1459 1758 1524 alterius
1782 1461 1972 1525 misceatur.

479 1589 554 1652 XV.
596 1587 631 1653 Si
655 1585 787 1650 animali
812 1586 1039 1672 quodcumque
1062 1585 1219 1680 pavidum
1243 1584 1405 1670 inligetur,
1430 1607 1489 1671 per
1512 1584 1600 1670 quod
1624 1595 1753 1670 ruptum
1777 1595 1833 1648 aut
1850 1583 2050 1650 debilitetur
2071 1605 2099 1644 ιο

596 1703 651 1756 aut
674 1693 840 1757 moriatur.

462 1817 556 1882 XVI.
597 1817 632 1882 Si
656 1817 808 1880 vitiosum
833 1815 962 1898 animal,
991 1839 1064 1879 curn
1090 1827 1168 1901 aput
1199 1814 1365 1882 dominum
1396 1825 1454 1896 est,
1486 1817 1719 1901 cuiuscumque
1751 1817 1844 1879 etatis
1876 1815 2047 1880 occidisse

595 1923 760 1987 hominem
783 1922 944 1986 videatur.

444 2047 555 2112 XVII.
595 2047 631 2112 Si
655 2046 775 2110 animal
798 2047 951 2111 vitiosum
976 2047 1048 2132 quis
1072 2068 1092 2110 a
1115 2068 1150 2110 se
1175 2044 1297 2110 abiciat
1319 2045 1373 2108 vel
1396 2068 1461 2110 nen
1485 2044 1647 2110 abiectum
1672 2047 1820 2110 retineat.

426 2171 554 2236 XVIII.
595 2170 660 2235 Sue
684 2168 870 2234 habendum
896 2170 1000 2256 culpe,
1026 2171 1053 2233 si
1076 2171 1237 2234 irritatum
1262 2169 1382 2233 animal
1405 2180 1523 2234 noceat
1545 2170 1737 2234 irritantem.
2066 2200 2095 2238 rs

412 2295 557 2360 XVIIII.
598 2295 633 2360 Si
663 2295 747 2359 iuste
782 2317 824 2360 an
858 2295 976 2358 iniuste
1013 2296 1193 2359 concitatus
1229 2295 1318 2358 canis
1354 2295 1540 2380 quempiam
1575 2293 1762 2359 debilitasse
1793 2294 1847 2359 vel
1876 2295 2041 2359 occidisse

595 2400 760 2489 probetur.

478 2527 556 2590 XX.
596 2526 648 2590 De
673 2548 754 2590 cane
780 2524 946 2589 damnoso.

461 2650 556 2714 XXI.
595 2649 648 2713 De
672 2649 795 2713 lesione
819 2649 930 2712 vestis.

443 2773 555 2838 XXII.
596 2773 632 2838 Si
656 2771 880 2836 fraudulenter
903 2774 975 2858 quis
999 2772 1169 2838 ambulans
1193 2774 1227 2836 in
1251 2773 1385 2859 laqueos
1408 2773 1486 2837 feris
1509 2783 1698 2859 preparatus
1722 2773 1856 2838 incidat.
2062 2805 2092 2843 aa

428 2897 556 2962 XXIII.
597 2897 651 2978 Ut,
677 2899 733 2983 qui
755 2895 890 2983 laqueos
913 2897 991 2960 feris
1016 2899 1115 2983 ponit,
1141 2908 1173 2961 et
1195 2897 1269 2962 loca
1299 2898 1472 2980 discernat,
1502 2899 1536 2961 in
1567 2896 1684 2985 quibus
1714 2907 1825 2984 ponat,
1857 2907 1890 2961 et
1912 2899 2043 2962 vicinos

597 3002 780 3066 admoneat.

412 3127 559 3192 XXIIII.
598 3127 650 3190 De
675 3126 801 3189 damnis
825 3127 887 3190 iter
909 3125 1076 3212 publicum
1101 3126 1372 3193 concludentium.

447 3251 557 3314 XXV.
596 3252 649 3315 De
674 3250 835 3314 servando
860 3251 965 3336 spatio
989 3253 1081 3314 iuxta
1104 3253 1175 3314 vias
1199 3250 1357 3337 publicas.

431 3375 558 3438 XXVI.
599 3373 634 3438 Si
659 3374 699 3438 de
724 3375 849 3459 campis
873 3373 1065 3438 vacantibus
1089 3377 1151 3438 iter
1174 3377 1338 3460 agentium
1364 3375 1516 3440 animalia
1540 3375 1754 3462 expellantur.

414 3497 559 3562 XXVII.
598 3498 647 3561 Ne
672 3499 734 3562 iter
757 3496 929 3583 agentibus
952 3521 1076 3585 pascua
1099 3523 1163 3563 non
1188 3500 1341 3565 conclusa
1365 3511 1524 3564 vetentur.

400 3621 561 3685 XXVIII.
601 3622 656 3703 Ut,
682 3623 737 3708 qui
761 3622 794 3684 in
818 3623 988 3686 transitum
1012 3621 1153 3686 fluminis
1178 3624 1335 3688 culturam
1359 3624 1448 3706 facit,
1472 3623 1616 3688 laborem
1641 3646 1717 3710 sepe
1743 3624 1934 3688 circumdet.

385 3745 563 3810 XXVIIII.
599 3747 651 3810 De
676 3746 870 3810 discretione
896 3746 1192 3811 concludendorum
1216 3747 1394 3812 fluminum.

444 3871 556 3934 XXX.
598 3870 650 3934 De
675 3869 955 3954 confringentibus
979 3870 1102 3933 mulina
1125 3881 1158 3934 et
1182 3870 1406 3935 conclusiones
1430 3893 1598 3957 aquarum.

428 3994 558 4058 XXXI.
597 3995 650 4059 De
674 3994 857 4060 furantibus
882 4018 983 4081 aquas
1008 4017 1049 4058 ex
1074 3993 1265 4058 decursibus
1289 3995 1414 4059 alienis.

492 4266 508 4315 l.
537 4268 559 4314 1.
594 4264 806 4330 qualienumque
835 4265 860 4314 Ε
883 4269 912 4327 Ι;
941 4265 1130 4331 qualicumque
1159 4266 1183 4314 Ε
1205 4268 1228 4315 2.
1285 4261 1383 4330 invice]
1412 4266 1448 4316 ite
1476 4267 1516 4326 Ε,·
1543 4268 1661 4318 invicem
1692 4265 1723 4316 Ε.
1779 4273 1940 4337 evertantur
1969 4268 1995 4318 Ε
2020 4272 2044 4319 1.

385 4353 401 4402 I.
424 4354 448 4402 2.
480 4354 605 4404 damnum
634 4353 677 4403 vel
706 4349 843 4416 iniuriam]
871 4354 908 4402 ita
935 4353 976 4414 R;
1003 4356 1102 4404 darnno
1131 4353 1174 4404 vel
1202 4355 1303 4404 iniuria
1332 4355 1364 4404 E.
1419 4354 1554 4420 inpellunt
1583 4355 1653 4405 ΕΙ.
1709 4351 1765 4419 aut]
1794 4355 1831 4406 ita
1858 4355 1932 4421 infra
1961 4357 2045 4422 ipsias

385 4441 444 4505 lepis
461 4441 624 4502 metricam
644 4459 676 4491 ea
696 4443 764 4504 ΕΙ;
784 4457 818 4491 an
838 4441 900 4492 Ε2.
920 4441 953 4491 Ε.
1009 4437 1148 4504 damnum]
1170 4443 1206 4493 ite
1225 4443 1265 4504 Ε,·
1284 4442 1382 4494 damno
1402 4443 1435 4493 E.
1484 4442 1520 4493 al.
1540 4460 1581 4494 an.
1603 4460 1661 4495 occ.
1680 4443 1731 4494 dea.
1751 4443 1812 4494 ΕΙ.
1845 4443 1853 4503 ll
1886 4445 1903 4495 l.
1924 4448 1951 4494 4.
1977 4443 2041 4510 bos]

386 4529 436 4578 bus
456 4529 518 4578 ΕΙ.
562 4531 664 4580 domini
683 4531 749 4582 dcent
767 4532 829 4582 Ill.
874 4525 1033 4593 volumtate]
1055 4531 1231 4582 volumtatem
1251 4532 1320 4594 1213
1340 4531 1480 4581 voluntate
1501 4531 1562 4582 Ε2.
1582 4531 1644 4582 ΕΙ.
1688 4533 1871 4597 subiungatur
1891 4532 1954 4584 Ε2.
1977 4533 2043 4585 Ε2.

385 4619 401 4668 I.
422 4619 446 4666 5.
473 4633 537 4667 orna
556 4617 583 4666 E
593 4621 617 4667 2.
650 4617 658 4677 Η
691 4621 707 4669 l.
728 4621 751 4668 6.
779 4616 925 4683 clusuram]
947 4621 983 4670 ita
1002 4619 1335 4681 R1;clusuraR2.E.
1390 4621 1532 4670 mittantur
1558 4621 1582 4669 Ε
1600 4623 1625 4671 2.
1652 4619 1679 4670 Ε
1695 4623 1719 4671 2.
1752 4619 1761 4680 ΙΙ
1792 4623 1809 4671 l.
1827 4623 1850 4671 8.
1878 4622 2044 4674 debilitetur
2063 4639 2090 4677 ea

384 4704 441 4754 vel
469 4706 660 4756 occidatur
685 4707 718 4756 Ε.
751 4707 759 4768 ll
792 4709 808 4758 l.
828 4711 852 4759 9.
881 4711 1011 4759 scientem
1037 4725 1072 4758 an
1098 4710 1270 4774 ignorantem
1296 4708 1363 4758 Ε2.
1419 4703 1464 4772 an]
1490 4709 1541 4758 bac
1568 4709 1595 4758 E
1612 4711 1636 4758 2.
1692 4705 1780 4774 gregi]
1808 4711 1836 4760 in
1860 4726 1946 4776 grege
1971 4712 1997 4761 Ε
2018 4716 2042 4762 Ι.

385 4796 530 4844 misceatur
548 4794 693 4845 aaran
725 4795 734 4856 ΙΙ
766 4799 845 4848 1.10.
874 4797 973 4848 animal
994 4798 1018 4846 Ε
1031 4800 1055 4847 2.
1075 4797 1137 4847 ΕΙ.
1192 4797 1331 4862 inlegetur
1349 4796 1417 4858 1313
1441 4796 1593 4847 inlicitetur
1614 4797 1677 4847 Ε2.
1732 4799 1804 4862 quod
1823 4795 1943 4863 ruptum]
1964 4803 2044 4865 quod

385 4887 435 4948 rirp
460 4883 531 4944 1213
552 4891 707 4950 corruptum
728 4885 790 4936 R2.
846 4893 894 4936 aut
920 4887 980 4936 deb.
1005 4886 1055 4936 dea.
1082 4886 1107 4936 Ε
1126 4888 1150 4936 2.
1182 4885 1191 4946 ll
1223 4886 1239 4940 l.
1261 4888 1302 4935 11.
1329 4890 1377 4934 aut
1400 4887 1532 4936 moriatur
1556 4886 1606 4936 dea.
1633 4886 1659 4936 Ε
1678 4887 1702 4936 Ι.
1728 4888 1753 4936 2.
1785 4885 1794 4948 l
1826 4888 1905 4937 Ζ.13.
1933 4889 2041 4938 euiusc.

385 4973 463 5022 etatis
482 4971 531 5021 den.
552 4972 612 5022 ΕΙ.
657 4989 715 5024 occ.
735 4974 805 5024 horn.
827 4974 879 5024 vid.
898 4973 948 5024 des.
970 4975 1030 5024 ΕΙ.
1050 4976 1075 5024 2.
1119 4976 1253 5025 occidisse
1273 4969 1419 5037 hominem]
1440 4975 1477 5025 ita
1495 4974 1564 5036 Ε1;
1584 4976 1609 5025 Ιι.
1629 4991 1654 5026 ο.
1674 4975 1736 5026 Ε2.
1769 4973 1778 5035 ΙΙ
1811 4977 1827 5026 l.
1848 4978 1889 5025 14.
1916 4976 2043 5027 habiciat

384 5059 446 5110 ΕΙ.
491 5060 533 5110 vel
553 5063 724 5111 —retincat
742 5061 792 5111 dae.
811 5062 880 5124 1213
900 5064 1016 5112 retineat
1033 5063 1179 5113 deestR2.
1212 5061 1221 5122 ll
1253 5064 1270 5113 l.
1292 5065 1332 5112 15.
1359 5058 1674 5125 SnelssivoRl.E1.
1718 5066 1870 5115 irritantem
1889 5065 2041 5116 decatR2.
2061 5083 2089 5119 io

384 5149 401 5198 l.
422 5150 463 5198 16.
487 5148 807 5200 debilitassedeestltss.
845 5149 888 5200 vel
909 5167 966 5200 occ.
986 5153 1116 5215 probetur
1133 5151 1183 5201 dea
1203 5151 1265 5202 ΕΙ.
1286 5155 1309 5201 2.
1342 5149 1350 5213 ΙΙ
1383 5153 1400 5202 l.
1421 5153 1461 5202 18.
1486 5152 1645 5203 damnosum
1664 5152 1725 5203 ΕΙ.
1758 5151 1767 5212 ΙΙ
1799 5155 1816 5204 l.
1837 5157 1878 5204 19.
1904 5152 2041 5206 lesionem

385 5236 445 5286 Ε2.
479 5234 488 5295 ΙΙ
519 5238 535 5286 l.
556 5239 598 5287 20.
624 5238 811 5288 fraudolenter
830 5239 891 5290 Ε2.
929 5241 957 5289 ίιι
977 5239 1089 5305 laqueos
1108 5241 1159 5290 des.
1178 5239 1241 5290 ΕΙ.
1278 5242 1342 5290 feris
1363 5256 1402 5305 pr.
1421 5243 1474 5289 ine.
1493 5241 1544 5290 des.
1564 5241 1625 5290 ΕΙ.
1645 5243 1670 5292 2.
1707 5237 1765 5307 qui]
1787 5244 1952 5307 quicumque
1972 5242 2039 5293 ΕΙ.

384 5325 400 5374 l.
421 5327 463 5378 21.
491 5326 556 5375 feris
580 5333 665 5392 ponet
690 5327 714 5375 Ε
733 5329 757 5376 2.
813 5333 839 5376 et
865 5327 926 5377 loca
951 5330 1018 5378 disc.
1045 5329 1095 5378 des.
1122 5329 1146 5378 Ε
1167 5331 1189 5378 1.
1246 5327 1308 5379 loco
1334 5328 1361 5376 Ε
1375 5331 1400 5378 2.
1455 5330 1599 5393 inquibus
1619 5354 1650 5361 -
1673 5329 1819 5380 admoneat
1843 5329 1893 5380 des.
1917 5331 1943 5380 Ε
1962 5334 1985 5381 1.
2013 5336 2038 5383 2.

384 5413 401 5462 l.
415 5415 457 5462 22.
477 5420 606 5464 amoneat
624 5414 652 5463 Ε
662 5417 687 5464 2.
715 5412 724 5474 ΙΙ
754 5416 770 5465 l.
790 5417 832 5465 23.
856 5410 916 5478 iter]
935 5417 1007 5466 inter·
1025 5416 1087 5466 ΕΙ.
1107 5419 1131 5467 2.
1164 5415 1173 5476 Η
1204 5419 1283 5468 1.24.
1308 5418 1499 5467 reservandum
1519 5419 1647 5482 ispatium
1667 5418 1728 5468 ΕΙ.
1760 5415 1770 5478 ΙΙ
1801 5419 1818 5469 l.
1838 5421 1882 5469 25.
1905 5419 2039 5471 animalia

382 5500 450 5551 deest
474 5501 498 5550 Ε
518 5505 541 5552 1.
597 5502 768 5568 expellantur
791 5503 858 5553 dccet
881 5503 906 5552 Ε
926 5506 949 5553 1.
976 5507 1000 5554 2.
1032 5503 1042 5564 ΙΙ
1073 5506 1090 5554 l.
1110 5507 1152 5555 26.
1181 5507 1319 5570 agentium
1344 5505 1368 5554 Ε
1385 5507 1409 5554 2.
1442 5506 1450 5564 ΙΙ
1482 5505 1499 5555 l.
1520 5506 1561 5555 27.
1592 5505 1712 5556 laborem
1731 5523 1751 5556 s.
1772 5507 1836 5558 circ.
1855 5508 1906 5558 der.
1926 5507 1989 5558 ΕΙ.
2011 5511 2036 5560 2.
2055 5523 2086 5561 45

383 5590 400 5638 l.
421 5591 463 5640 29.
491 5586 602 5654 mulina]
622 5591 659 5641 ito
677 5591 702 5640 Ε
716 5594 745 5652 1;
765 5589 867 5642 molina
884 5600 938 5642 cett.
