4448 6226
418 322 483 385 432
917 330 997 384 LEX
1020 329 1324 387 VISIGOTHORUM
1348 330 1416 398 XII,
1434 330 1463 397 3,
1484 329 1578 386 1—3.

248 523 399 596 xu‚e,1.
420 524 506 594 mal
537 515 736 580 infidelitatis
761 527 989 598 commentum,
1013 516 1056 581 ad
1079 517 1304 603 perimendum
1328 517 1562 604 profanationis
1594 516 1735 603 elogium
1766 516 1866 582 alacri
1898 518 2080 582 intentione

370 637 371 640 ’
417 645 608 716 procurem,
644 624 718 688 nisu
750 621 859 687 valide
890 625 1141 710 oppugnationis
1172 623 1344 707 obsistam,
1375 625 1472 690 fortia
1501 625 1535 689 in
1565 623 1698 712 perfidis
1731 625 1979 711 preceptionum
2014 623 2081 689 tela

419 729 570 795 obiciam.

246 934 398 1006 xu‚a,a
417 935 505 1006 ma}
840 937 879 992 11.
918 936 1086 1022 ruamus
1111 936 1331 994 oaomosus
1355 935 1539 994 aavrerus
1564 910 1654 993 asir.

772 1051 832 1116 De
862 1051 1276 1140 blasphematoribus
1306 1065 1450 1118 sancte
1481 1053 1721 1118 Trinitatis.
2097 1075 2110 1116 s

524 1176 617 1242 Sicut
650 1177 772 1241 veritas
808 1178 893 1242 sacri
928 1177 1090 1264 evangelii
1125 1177 1288 1264 predicat,
1324 1179 1484 1266 prolatum
1519 1179 1552 1242 in
1588 1178 1687 1243 fratre
1719 1177 1905 1242 contumelii
1935 1176 2076 1242 verbum

415 1281 537 1348 iudicio
561 1305 652 1348 reum
684 1283 835 1370 adsignat
846 1289 866 1347 ¹.
915 1284 1045 1365 Quanto
1076 1285 1181 1370 magis
1212 1295 1403 1370 peccantem
1432 1286 1467 1350 in
1491 1284 1614 1372 Spiritu
1645 1295 1757 1349 sancto
1789 1284 1898 1350 divine
1930 1283 2076 1349 animad-

415 1391 576 1455 versionis
612 1393 773 1456 sententia
808 1390 967 1455 damnat?
1004 1389 1092 1478 quod
1125 1389 1353 1456 inremissibile
1389 1403 1421 1455 et
1455 1391 1509 1456 hio
1545 1403 1577 1457 et
1610 1393 1644 1457 in
1679 1391 1787 1458 futuro
1819 1390 1970 1456 Salvator
2005 1391 2076 1478 ipse

416 1495 623 1562 denunciat².
670 1497 714 1561 Et
737 1496 822 1580 ideo,
847 1499 875 1562 si
899 1499 971 1584 quis
996 1496 1127 1578 Christi,
1151 1497 1208 1562 filii
1232 1497 1307 1580 Dei,
1336 1496 1612 1584 blasphemaverit
1635 1521 1754 1564 nomen
1778 1500 1914 1586 eiusque
1945 1521 2076 1563 sacrum

416 1625 534 1690 corpus
559 1614 591 1668 et
615 1605 806 1690 sanguinem
831 1615 887 1669 aut
910 1605 1142 1690 contempserit
1165 1603 1359 1670 sumendum
1382 1605 1552 1692 percipere
1576 1616 1633 1670 aut
1655 1615 1846 1692 perceptum
1870 1606 1961 1668 visus
1978 1604 2077 1670 fuerit
2095 1628 2120 1667 ro

416 1711 581 1794 reiecisse,
604 1711 659 1775 vel
683 1709 862 1799 quamlibet
885 1711 1076 1776 iniuriarum
1100 1710 1336 1798 blasphemiam
1360 1712 1394 1776 in
1418 1721 1562 1776 sanctam
1587 1711 1709 1776 dixerit
1732 1713 1936 1792 Trinitatem,
1967 1711 2003 1774 id
2026 1723 2076 1776 est

416 1818 449 1882 in
479 1817 611 1882 Patrem
642 1828 674 1882 et
704 1817 823 1882 Filium
855 1830 888 1883 et
918 1817 1074 1904 Spiritum
1106 1829 1263 1901 sanctum,
1295 1830 1372 1883 tunc
1403 1820 1558 1883 instantia
1588 1819 1768 1884 sacerdotis
1799 1818 1851 1882 vel
1879 1817 2010 1900 iudicis,
2040 1819 2074 1883 in

417 1925 509 1989 cuius
545 1925 695 2006 civitate,
732 1935 839 1990 castra
873 1924 926 1988 vel
961 1926 1121 1990 territorio
1152 1923 1212 1989 hoc
1243 1925 1363 1990 malum
1395 1937 1556 1990 exortum
1573 1925 1688 2007 fuerit,
1724 1925 1970 2012 blasphemator
2003 1927 2074 2011 ipse

417 2033 563 2096 centenis
588 2030 777 2096 decalvatus
801 2030 938 2118 flagellis
963 2031 1131 2097 subiaceat
1160 2043 1192 2097 et
1219 2031 1322 2096 ardua
1351 2033 1384 2095 in
1408 2030 1547 2097 vinculis
1579 2033 1772 2098 constitutus
1801 2033 1953 2119 perpetui
1984 2031 2074 2097 exilii

417 2149 602 2203 conteretur
625 2161 770 2202 erumna.
817 2138 882 2203 Res
907 2150 1016 2203 tamen
1041 2139 1110 2204 eius
1134 2139 1168 2203 in
1191 2148 1352 2224 potestate
1376 2139 1534 2225 principis
1557 2139 1689 2204 redacte
1713 2138 1901 2220 manebunt,
1934 2139 2074 2226 qualiter
2093 2160 2117 2200 rs

416 2245 451 2309 in
473 2246 543 2312 iure
568 2267 690 2328 eorum,
716 2246 769 2310 cui
793 2269 848 2311 eas
872 2257 1016 2332 potestas
1041 2245 1187 2310 conferre
1213 2245 1347 2332 elegerit
1370 2247 1471 2331 regia,
1495 2245 1685 2311 inconvulse
1710 2247 1895 2333 persistant.

246 2486 397 2559 x11,tt,t.
417 2485 504 2556 Ebu]
833 2487 885 2542 III.
925 2487 1092 2543 FLAVIUS
1117 2486 1337 2544 GLORIOSUS
1362 2487 1546 2545 ERVIGIUS
1569 2487 1659 2544 REX.

416 2600 470 2666 Ne
495 2600 606 2666 Iudei
630 2613 695 2667 aut
719 2625 757 2668 se
782 2615 846 2667 aut
877 2624 967 2667 suos
998 2603 1105 2668 filios
1129 2601 1191 2668 vel
1221 2602 1385 2668 famulos
1417 2625 1436 2668 a
1466 2601 1651 2690 baptismi
1675 2607 1803 2690 gratia
1829 2601 2072 2668 subtrahant.

525 2726 608 2791 Cum
627 2727 760 2791 ¹veritas
791 2729 863 2814 ipsa
893 2739 1021 2814 petere,
1058 2749 1194 2815 querere
1228 2738 1260 2792 et
1294 2727 1424 2814 pulsare
1459 2751 1517 2792 nos
1553 2727 1669 2794 doceat
1680 2734 1701 2810 ³,
1736 2751 1949 2816 premonens,
1986 2727 2075 2815 quod

417 2837 588 2918 ‘regnum‘¹
618 2833 762 2899 celorum
793 2834 926 2899 violenti
957 2834 1131 2922 diripiant’,
1162 2834 1197 2898 in
1227 2835 1314 2899 nullo
1346 2845 1395 2900 est
1425 2833 1575 2918 dubium,
1613 2835 1701 2923 quod
1730 2834 1783 2900 ille
1813 2834 1938 2899 indulte
1969 2836 2073 2920 gratie
2092 2856 2116 2896 ao

417 2963 534 3004 munus
558 2939 741 3022 abhorreat,
766 2941 821 3028 qui
846 2941 983 3006 adeam
1009 2941 1167 3006 accedere
1192 2941 1320 3006 ardenti
1343 2943 1452 3007 animo
1479 2965 1544 3006 non
1574 2942 1728 3017 festinet„
1770 2941 1912 3007 Proinde
1944 2943 1972 3006 si
2002 2943 2074 3029 quis

417 3046 602 3128 Iudeorum,
627 3046 668 3112 de
691 3047 741 3112 his
766 3047 900 3130 scilicet,
926 3049 981 3134 qui
1005 3048 1112 3113 adhuc
1136 3048 1280 3113 nondum
1300 3060 1374 3113 sunt
1390 3047 1556 3136 baptizati,
1574 3061 1630 3115 aut
1645 3071 1679 3113 se
1696 3047 1863 3136 baptizare
1881 3047 2074 3130 distulerint,

416 3165 474 3218 aut
496 3154 578 3217 filios
603 3177 677 3219 suos
701 3153 754 3218 vel
785 3154 923 3219 famulos
954 3154 1040 3219 nullo
1072 3154 1168 3220 modo
1200 3155 1242 3220 ad
1273 3155 1476 3221 sacerdotem
1507 3154 1722 3242 baptizandos
1753 3156 1924 3236 remiserit,
1957 3154 2010 3220 vel
2041 3178 2074 3220 se

419 3282 559 3347 suosque
583 3260 623 3324 de
647 3258 809 3347 baptismo
833 3259 1041 3342 subtraxerit,
1074 3272 1105 3326 et
1128 3261 1181 3326 vel
1205 3265 1300 3326 unius
1324 3263 1402 3326 anni
1430 3264 1571 3350 spatium
1601 3273 1674 3350 post
1700 3261 1806 3349 Iegem
1836 3262 1922 3327 hanc
1954 3262 2075 3327 editam

527 3501 677 3560 xl1,a‚1.
716 3502 733 3553 l.
753 3504 775 3551 l.
802 3495 990 3566 commentum]
1010 3503 1203 3553 commercium
1223 3501 1279 3551 Va.
1301 3503 1341 3552 16.
1379 3497 1574 3568 perimendum]
1596 3501 1826 3568 comprimendum
1845 3501 1902 3551 Vs.
1942 3495 2073 3566 elogium]
2092 3507 2115 3547 a

421 3590 558 3656 eloquium
585 3589 609 3638 V
625 3593 648 3640 1.
675 3593 699 3640 6.
732 3591 740 3650 l]
773 3591 789 3641 l.
810 3594 834 3642 2.
862 3606 1005 3656 procurem
1033 3616 1065 3624 -
1092 3585 1218 3654 obiciam]
1244 3606 1410 3656 consurgere
1436 3597 1496 3641 toto
1522 3605 1698 3655 procuremus
1726 3592 1787 3640 uisu
1815 3597 1846 3640 ut
1870 3589 1952 3641 valde
1982 3605 2076 3641 eorum

421 3680 678 3745 obpugnacionibus
705 3680 863 3730 obsistendo
890 3679 1032 3730 fortialitcr
1058 3695 1216 3746 superemus
1242 3695 1389 3746 eorumque
1415 3679 1470 3730 tela
1494 3677 1693 3746 triumphaliter
1718 3679 1869 3730 obiciemus
1895 3677 1920 3727 V
1934 3681 1960 3730 6.
2016 3697 2076 3746 pro·

422 3762 526 3832 curam]
546 3769 728 3834 procurrimus
749 3768 820 3819 Mad.
866 3770 1021 3820 obsistimus
1041 3769 1112 3820 Mad.
1145 3767 1154 3829 11
1186 3769 1203 3819 l.
1223 3771 1246 3820 3.
1276 3770 1419 3819 obiicimus
1439 3769 1510 3820 Mad.

530 3858 594 3917 XII,
615 3861 640 3918 3,
660 3860 684 3909 2.
724 3857 801 3910 Codd.
821 3857 885 3909 ΕΙ.
904 3859 960 3908 1·Ἰ.
983 3855 1032 3920 (5).
1053 3861 1077 3910 6.
1098 3861 1122 3909 8.
1144 3858 1180 3920 (9.
1202 3860 1242 3909 10.
1264 3860 1304 3908 16.
1325 3857 1379 3921 20).
1404 3883 1440 3892 --
1464 3859 1523 3908 11.
1549 3859 1604 3908 ΕΙ..
1623 3857 1749 3908 -REX
1768 3857 1818 3908 des.
1839 3857 1895 3906 Vl.
1916 3853 1984 3907 Pia.
2005 3858 2075 3908 aaa

423 3945 529 3997 GLOR.
548 3947 614 3997 deest
633 3947 690 3998 Vs.
710 3950 734 3998 6.
757 3950 796 3998 10.
822 3945 832 4007 l]
857 3949 912 3998 15.
932 3947 1058 3998 blaciam·
1074 3965 1124 4012 pro
1143 3947 1295 4013 blasphcm-
1314 3947 1354 3997 lu'e
1371 3955 1395 3998 ct
1412 3947 1484 4012 iufra
1504 3947 1528 3995 V
1536 3949 1560 3996 6.
1586 3945 1595 4006 ]]
1621 3947 1638 3997 1.
1652 3947 1676 3996 6.
1697 3940 1782 4008 Sicut]
1804 3948 1833 3996 Si
1852 3945 1924 3996 Mad
1963 3941 2073 4010 verItas]
2092 3953 2115 3993 11

422 4038 469 4103 pia
488 4038 589 4086 veritae
609 4036 665 4086 Vl.
686 4038 710 4087 6.
729 4038 760 4098 83
785 4036 852 4086 deest
870 4036 944 4086 1⁷16.
965 4038 1007 4087 20.
1026 4037 1098 4087 aaa.
1153 4038 1223 4086 sacri
1243 4035 1381 4101 evangelii
1400 4042 1475 4086 textu
1495 4036 1575 4100 1’16;
1602 4037 1630 4086 iu
1656 4052 1734 4086 sacro
1762 4032 1905 4102 evangelio
1933 4034 2022 4097 V20;
2049 4038 2076 4086 in

420 4127 493 4175 sacri
520 4125 656 4192 evangelii
682 4125 753 4176 iliad.
809 4120 939 4191 predicat]
966 4126 1171 4191 praedicatione
1198 4127 1321 4176 dominus
1348 4124 1419 4175 Mad.
1474 4120 1618 4190 prolatum]
1644 4123 1846 4190 promulgatum
1867 4124 1912 4174 Vl
1934 4134 1958 4175 et
1979 4141 1992 4174 c
2013 4142 2075 4175 eor-r.

428 4214 489 4264 Vs.
540 4210 631 4278 fratrc]
651 4215 687 4264 ita
706 4214 767 4264 ΕΙ.
788 4214 845 4264 Vl.
865 4216 896 4276 8;
915 4215 1026 4264 fratrem
1045 4223 1099 4265 cett.
1155 4215 1337 4264 contumeliae
1357 4213 1426 4264 Piu.
1458 4213 1466 4274 l]
1497 4215 1514 4266 l.
1531 4215 1554 4265 I.
1583 4214 1685 4279 Spiritu
1704 4207 1809 4277 sancto]
1827 4213 1864 4263 itu
1883 4212 2073 4274 E1.V1.8;

421 4303 551 4370 Spiritum
574 4311 697 4354 sanctum
720 4312 775 4354 cett.
807 4303 816 4364 11
848 4304 864 4354 1.
885 4307 909 4354 6.
939 4312 967 4354 et
992 4299 1047 4366 hio]
1075 4304 1118 4354 hic
1146 4303 1213 4354 Pia.
1246 4305 1255 4364 l]
1287 4303 1303 4353 l.
1325 4305 1365 4353 10.
1394 4310 1441 4353 aut
1465 4304 1531 4354 deest
1556 4302 1627 4354 Mad.
1682 4298 1831 4369 percipere]
1859 4304 1986 4368 accipere
2013 4303 2073 4352 Vb.

419 4394 439 4444 l·
460 4395 500 4443 13.
529 4393 649 4443 civitatis
670 4391 726 4443 Va.
782 4387 881 4458 castra]
902 4393 940 4443 ita
959 4392 1021 4444 ΕΙ.
1042 4393 1106 4456 Vl;
1125 4393 1190 4444 deest
1209 4391 1297 4453 Mada
1323 4398 1412 4442 castro
1434 4401 1488 4442 cett.
1542 4393 1677 4442 territurio
1705 4389 1732 4440 Ε
1750 4392 1772 4440 1.
1827 4393 1886 4456 ipse
1911 4391 1978 4441 deest
2004 4391 2073 4441 Mad
2090 4395 2113 4436 11

421 4482 438 4531 l.
460 4483 501 4531 14.
530 4480 686 4532 decalvatus
706 4481 820 4547 flagellis
840 4483 981 4533 subiaccat
1000 4477 1035 4544 et]
1056 4481 1173 4548 flagellis
1192 4482 1324 4547 suscipiat
1343 4488 1370 4531 et
1388 4482 1531 4531 subiaceat
1553 4486 1580 4530 ct
1604 4479 1764 4530 decalvatus
1791 4481 1906 4546 turpiter
1933 4480 2002 4542 Vl;
2028 4481 2072 4531 fla·

421 4569 501 4635 gellis
520 4571 661 4620 subiaceat
680 4577 707 4620 ct
727 4570 884 4622 decalvatus
904 4573 1017 4637 turpiter
1036 4571 1060 4620 V
1069 4573 1093 4621 6.
1113 4574 1137 4622 8.
1185 4572 1310 4638 perpetui
1329 4570 1395 4620 deest
1413 4570 1483 4620 Mad.
1531 4569 1628 4620 exsilio
1648 4577 1779 4636 perpetuo
1800 4569 1856 4620 Vi).
1882 4567 1891 4629 l]
1917 4570 1993 4620 115.
2012 4585 2073 4621 con·

420 4665 522 4708 teratur
541 4658 598 4708 1⁷8.
617 4657 688 4709 ilud.
746 4654 893 4725 potestate]
914 4661 951 4710 ita
970 4659 998 4709 Ε
1010 4663 1033 4710 1.
1054 4661 1110 4710 1⁷1.
1131 4663 1161 4722 6ς
1182 4665 1344 4727 potestatem
1363 4667 1417 4709 cett.
1449 4658 1458 4718 11
1490 4660 1506 4710 1.
1529 4661 1569 4709 16.
1597 4663 1719 4725 potestas
1738 4660 1815 4724 regia
1834 4659 1906 4709 conl.
1927 4657 1999 4724 eleg·
2017 4658 2073 4709 Va.

421 4749 497 4812 regia
516 4747 582 4797 deest
600 4747 668 4798 Pitlr.
714 4744 868 4813 persistant]
888 4758 1065 4814 permaneant
1085 4749 1170 4810 llll-‚¹
1188 4751 1306 4800 existant
1325 4748 1397 4799 Mad.

528 4837 590 4896 XII,
611 4839 634 4894 3,
655 4839 679 4888 6.
719 4837 796 4888 ded.
816 4837 878 4887 ΕΙ.
898 4838 922 4887 V
933 4841 955 4889 1.
981 4835 1030 4900 (5).
1058 4841 1082 4888 6.
1108 4841 1132 4888 6.
1161 4836 1198 4899 (9.
1227 4840 1267 4889 10.
1296 4839 1335 4888 16.
1364 4835 1418 4900 II).
1448 4861 1478 4871 -
1507 4838 1524 4887 1.
1546 4838 1586 4888 11.
1615 4837 1669 4888 FL.
1690 4862 1722 4871 -
1742 4837 1815 4887 REX
1839 4837 1890 4887 dea.
1917 4837 1980 4887 Vl.
2007 4836 2071 4887 Ru
2089 4843 2113 4882 to

422 4925 529 4976 GLOR.
550 4926 616 4975 deest
640 4926 699 4975 Va
731 4924 740 4984 ]
772 4928 788 4976 1.
811 4928 851 4977 16.
875 4923 929 4990 vel]
950 4934 1000 4977 aut
1020 4923 1088 4977 Pitla.
1108 4927 1179 4978 Mad.
1239 4944 1256 4978 a
1274 4929 1299 4977 b.
1319 4921 1417 4992 gratia]
1445 4927 1470 4976 b.
1494 4927 1599 4992 gratiae
1620 4926 1687 4976 Pitlt.
1719 4923 1728 4984 ]]
1760 4927 1838 4976 tle.
1867 4925 1984 4976 edoceat
2004 4926 2072 4976 Mad.

422 5015 439 5064 1.
457 5017 501 5064 20.
529 5016 660 5080 diripiunt
679 5015 754 5065 1ἸΟ.
787 5014 796 5076 ΙΙ
827 5016 844 5065 l.
864 5018 906 5066 21.
935 5033 1031 5066 munus
1050 5018 1102 5068 hoc
1122 5015 1145 5064 V
1156 5018 1179 5066 1.
1199 5019 1222 5066 6.
1267 5010 1409 5079 accedere]
1427 5016 1575 5082 procedere
1596 5015 1664 5066 Pt'tlr.
1708 5010 1808 5079 animo]
1829 5016 1872 5065 hic
1891 5015 1952 5065 add.
1973 5015 2030 5066 Vs.
2049 5017 2073 5065 6.

422 5098 541 5166 festinet]
560 5104 596 5153 ita
615 5103 678 5153 ΕΙ.
698 5104 762 5166 1’6;
782 5105 894 5154 festinat
912 5113 965 5155 cett.
998 5103 1007 5165 ]]
1039 5106 1118 5156 122.
1147 5105 1234 5156 adhuc
1257 5105 1412 5155 1111111111.
1468 5099 1595 5167 nondum]
1615 5105 1730 5155 necdum
1750 5105 1774 5152 V
1784 5108 1807 5155 1.
1826 5107 1857 5164 83
1883 5105 1986 5155 nedum
2012 5105 2035 5152 V
2049 5106 2071 5154 6.

422 5199 486 5243 sunt
504 5192 569 5242 deest
589 5193 644 5242 1Ἰ.
666 5195 689 5242 6.
710 5194 734 5242 6.
788 5189 827 5255 se]
849 5195 872 5243 si
893 5193 948 5244 1Ἰ.
998 5193 1131 5244 distulerit
1149 5195 1207 5244 Vt.
1227 5193 1295 5244 1111.
1327 5193 1335 5254 l]
1368 5195 1384 5244 1.
1405 5196 1446 5244 26.
1475 5193 1618 5243 sacerdote
1639 5193 1696 5244 Va.
1752 5194 1914 5264 baptizando
1935 5193 1998 5244 ΕΙ.
2019 5195 2072 5243 Vb.

423 5277 564 5346 remiserit]
583 5282 620 5330 ita
639 5280 701 5332 ΕΙ.
722 5281 777 5332 1Ἰ.
798 5283 829 5342 6;
850 5285 1004 5334 remiserint
1021 5291 1075 5333 cett.
1131 5283 1173 5334 vel
1197 5301 1227 5334 se
1251 5299 1367 5349 suosque
1395 5277 1437 5347 de]
1464 5282 1507 5333 vel
1535 5299 1627 5333 servos
1653 5282 1725 5349 quod
1752 5283 1776 5331 V
1789 5283 1820 5344 6;
1847 5299 1916 5348 quos
1942 5283 1977 5334 de
2005 5283 2073 5333 uad.
2090 5289 2114 5328 11

422 5372 502 5421 124.
531 5365 704 5433 subtraxerit]
727 5372 882 5422 reduxerint
902 5372 973 5421 llud.
1019 5375 1101 5438 spatii
1121 5373 1176 5424 Vl.
1197 5375 1227 5434 6;
1247 5374 1336 5438 spatio
1356 5373 1412 5422 Va.

534 5587 562 5658 1)
589 5585 637 5657 oy.
657 5588 759 5644 traua.
778 5589 807 5657 a,
826 5587 876 5644 22.
970 5589 999 5654 a)
1027 5587 1075 5660 os.
1095 5590 1197 5646 Marta
1217 5589 1266 5660 12,
1286 5589 1336 5646 31.
1363 5589 1413 5645 aa.
1507 5589 1537 5656 a)
1564 5587 1612 5661 os.
1640 5588 1837 5658 areatat.
1881 5590 1952 5646 aas.
1977 5592 2026 5660 11,
2046 5591 2074 5645 a.

425 5693 456 5764 4)
483 5694 586 5751 Mater.
610 5694 659 5763 11,
684 5693 731 5750 12.
