4448 6226
662 365 742 421 LEX
764 363 1069 421 VISIG'OTHORUM
1091 365 1145 434 IX,
1165 363 1194 434 2,
1212 364 1242 421 9.
1717 364 1781 426 375

127 564 221 616 Reae.
235 563 332 616 deest
395 561 483 632 Era]
513 559 659 637 prestum
682 573 717 614 se
740 551 974 636 uuusquisque,
997 561 1034 614 nt
1057 550 1179 616 dictum
1202 561 1262 635 est,
1289 551 1421 618 definito
1450 553 1522 618 loco
1552 554 1607 619 vel
1635 566 1780 642 tempore
1799 565 1855 633 ΙΧ,
1867 565 1898 636 2,
1909 568 1937 624 a

395 655 558 722 exhibeat
604 655 674 720 Iam
698 679 787 737 vero,
819 657 847 720 si
877 657 1023 742 quisquis
1053 657 1107 722 ille
1138 657 1332 741 admonitus,
1362 659 1416 724 vel
1446 662 1545 725 ctiam
1575 662 1603 725 si
1633 685 1694 726 nec
1724 663 1780 728 ad-

394 765 546 846 monitus,
571 773 733 827 ettamen
759 761 905 849 qualibet
928 764 1113 848 cognitione
1137 763 1268 829 sibimet
1291 767 1514 831 innotescente
1545 790 1610 832 non
1640 771 1780 853 nescius,

394 883 450 936 aut
484 869 638 958 progredi
674 871 782 933 statim
816 868 972 951 noluerit,
1009 879 1065 934 aut
1094 871 1128 934 in
1159 869 1300 936 definitis
1329 871 1409 937 locis
1440 873 1547 960 adque
1580 875 1780 961 temporibus

393 993 521 1064 prestus
546 999 617 1040 csse
642 976 818 1040 destiterit:
844 977 871 1038 si
894 977 1027 1040 maioris
1049 976 1113 1041 loci
1137 1000 1278 1064 persona
1301 978 1407 1063 fuerit,
1432 980 1468 1045 id
1491 991 1540 1044 cst
1562 979 1640 1063 dux,
1671 1005 1780 1046 comes

394 1107 452 1148 seu
476 1084 574 1148 etiam
598 1081 788 1167 gardingus,
813 1105 833 1146 a
855 1080 950 1146 bonis
973 1084 1114 1170 propriis
1138 1105 1181 1148 ex
1203 1093 1270 1148 toto
1294 1087 1441 1172 privatus
1465 1087 1556 1151 exilii
1579 1087 1780 1174 relegatione

393 1192 484 1255 iussu
507 1191 597 1275 regio
621 1190 839 1275 mancipetur3
864 1190 910 1253 ita
933 1199 977 1270 ut,
1002 1189 1090 1275 quod
1112 1189 1303 1277 principalis
1327 1191 1508 1258 sublimitas
1532 1193 1573 1259 de
1595 1194 1694 1259 rebus
1711 1197 1780 1260 eius

393 1296 539 1361 iudicare
575 1295 727 1381 elegerit,
762 1297 796 1358 in
826 1318 883 1359 sue
914 1297 1068 1382 persistat
1097 1299 1266 1383 potestatis
1297 1297 1442 1362 arbitrio.
1495 1300 1670 1366 Inferiores
1701 1325 1780 1367 sane

394 1402 588 1489 vilioresque
630 1424 785 1488 persone,
828 1401 966 1466 tlriufadi
1001 1403 1126 1468 scilicet
1161 1405 1330 1490 omnisque
1365 1406 1528 1471 exercitus
1570 1407 1780 1494 conpulsores

392 1509 445 1574 vel
468 1509 512 1590 hi,
537 1511 594 1596 qui
618 1508 853 1596 conpelluntur,
881 1511 910 1572 si
933 1519 989 1572 aut
1018 1508 1051 1572 in
1082 1511 1261 1576 exercitum
1285 1512 1405 1575 venire
1436 1511 1629 1596 distulerint,
1661 1525 1716 1578 aut
1745 1517 1779 1578 in

392 1616 463 1682 loco
487 1617 539 1681 vel
563 1626 709 1702 ternpore
734 1617 1063 1680 constituto-minime
1088 1619 1288 1682 occurrerint
1311 1617 1364 1681 vel
1384 1618 1549 1704 proficisci
1564 1619 1779 1706 neglexerint,

393 1747 451 1788 seu
474 1724 515 1788 de
539 1723 748 1809 expeditione
771 1721 905 1809 publica
928 1745 1134 1810 quocumque
1160 1723 1285 1788 bandis
1316 1735 1499 1790 commento
1529 1725 1715 1812 effugiendo
1745 1750 1779 1792 se

393 1828 625 1912 subtraxerint,
657 1852 722 1894 non
752 1829 856 1894 solum
887 1829 1099 1895 ducentorum
1129 1828 1330 1916 flagellorum
1360 1830 1480 1896 ictibus
1510 1831 1685 1916 verberati,
1722 1834 1780 1898 sed

393 1947 425 2000 et
448 1937 585 2024 turpiter
608 1936 834 2002 decalvatione
858 1935 970 2018 fedati,
995 1946 1027 2000 et
1050 1935 1195 2021 singulas
1225 1938 1360 2023 insuper
1389 1936 1489 2002 libras
1519 1939 1591 2002 auri
1623 1951 1782 2025 cogantur

393 2043 556 2126 exolvere,
581 2066 663 2129 quas
687 2042 877 2130 principalis
900 2052 1044 2129 potestas
1068 2043 1122 2108 cui
1144 2041 1256 2129 largiri
1280 2042 1473 2128 decreverit,
1502 2047 1552 2110 sui
1575 2057 1708 2110 maneat
1730 2047 1778 2110 in-

393 2161 584 2216 cunctanter
613 2146 749 2214 arbitrii.
798 2148 918 2230 Quod*
947 2149 975 2212 si
1004 2171 1070 2214 non
1099 2146 1259 2233 habuerit,
1290 2150 1376 2214 unde
1407 2150 1491 2215 hanc
1523 2153 1779 2238 conpositionem

555 2346 582 2424 5¹)
605 2354 672 2408 Pro:
692 2353 775 2419 Quod
792 2355 815 2408 si
831 2385 874 2392 —
890 2372 946 2410 non
961 2361 1086 2410 moretur
1104 2355 1140 2423 (p.
1154 2359 1214 2418 311,
1234 2359 1250 2410 t.
1265 2356 1292 2421 3)
1309 2359 1383 2410 1⁷15.
1403 2361 1443 2410 16.
1463 2362 1505 2412 11.
1524 2363 1558 2412 20
1575 2360 1635 2412 iaec
1649 2361 1778 2427 madent,

604 2483 666 2531 quae
684 2465 819 2515 seeundum
835 2463 952 2516 171811
970 2465 1051 2516 codice
1068 2465 1238 2516 manuatim&
1252 2465 1409 2530 legebantur:
1426 2460 1509 2526 Quod
1526 2463 1620 2519 sinon
1636 2464 1778 2534 habuerit,

605 2570 680 2623 unde
710 2569 782 2624 banc
806 2569 1029 2640 conpositionem
1060 2568 1197 2636 exsolvat,
1229 2575 1297 2622 tunc
1326 2569 1406 2640 regie
1435 2571 1574 2640 potestati
1605 2570 1641 2624 sit
1671 2571 1779 2626 licitum

604 2675 763 2730 huiusmodi
793 2682 1030 2747 transgressorem
1060 2682 1201 2745 perpetue
1232 2675 1363 2729 seruituti
1400 2675 1544 2730 addictum
1575 2677 1620 2731 cui
1658 2678 1780 2750 elegerit

604 2783 783 2850 serviturum,
807 2799 854 2836 res
880 2799 992 2853 quoque
1018 2782 1078 2835 eius
1104 2781 1170 2836 alibi
1200 2788 1335 2854 separata
1364 2781 1514 2837 collatione
1544 2784 1702 2840 concedere
1732 2785 1780 2841 vel

605 2890 727 2956 donare3
752 2889 793 2943 ita
816 2894 848 2942 ut
875 2889 950 2942 idem
974 2894 1164 2960 transgressor
1193 2906 1247 2944 nee
1277 2889 1313 2942 ad
1343 2895 1448 2942 statum
1478 2889 1619 2945 libertatis
1651 2891 1780 2962 quolibet

605 2996 657 3050 sibi
681 2995 858 3076 indulgente
872 2995 992 3050 ulterius
1015 2996 1126 3064 redeat,
1150 3013 1244 3068 neque
1275 2996 1316 3050 rei
1347 3013 1397 3050 sue
1428 2995 1489 3051 iura
1519 3014 1695 3068 quocumque
1725 2999 1779 3054 sibi

604 3109 784 3157 restaurante
808 3103 938 3174 recipiat.
978 3100 1061 3165 Quod
1085 3102 1108 3157 si
1133 3103 1217 3157 etiam
1241 3102 1355 3174 quidem
1377 3102 1420 3158 rei
1444 3103 1582 3172 dominus,
1599 3105 1628 3158 id
1645 3111 1689 3159 est
1705 3105 1777 3176 ipse,

606 3210 652 3281 qni
677 3210 791 3280 quidem
815 3209 1029 3280 transgressoris
1052 3209 1173 3264 reiculas
1189 3210 1308 3264 donatas
1323 3217 1506 3280 perceperat,
1524 3211 1607 3283 culpe
1625 3211 1779 3266 cuiuslibet

604 3317 718 3372 crimine
743 3316 868 3372 forsitam
892 3316 1037 3371 dinotatus
1060 3334 1078 3370 a
1100 3322 1177 3371 statu
1201 3316 1347 3386 dignitatis
1370 3317 1490 3387 pristine
1515 3317 1609 3385 eadat,
1633 3318 1708 3373 unde
1732 3336 1778 3373 res

605 3425 667 3495 ipsa
689 3425 718 3478 in
741 3423 875 3495 principis
898 3429 1072 3494 potestatem
1095 3423 1198 3486 iterum
1222 3423 1328 3491 veniat,
1354 3429 1422 3478 tune
1446 3423 1475 3477 id
1503 3423 1680 3478 irrevocabili
1710 3441 1777 3479 con-

604 3531 752 3585 stitutione
778 3530 933 3599 tenebitur,
958 3536 990 3584 ut
1015 3530 1100 3584 etiarn
1124 3530 1146 3583 si
1170 3530 1231 3600 ipse
1257 3547 1318 3585 earn
1341 3529 1448 3584 habere
1473 3547 1528 3585 non
1550 3530 1697 3598 meruerit,
1729 3531 1777 3600 qui

606 3655 667 3692 eam
690 3637 768 3707 prius
791 3644 954 3707 acceperat,
985 3637 1013 3690 in
1036 3637 1098 3691 aliis
1128 3635 1261 3691 fidelibus
1291 3635 1434 3691 transfusa
1463 3653 1509 3691 res
1539 3637 1601 3708 ipsa
1629 3635 1776 3707 proficiat3

604 3750 725 3811 tanturn,
750 3751 782 3798 ut
806 3744 833 3797 in
857 3743 932 3798 illius
955 3748 1031 3798 ultra
1053 3749 1228 3814 potestatem
1251 3760 1307 3798 non
1326 3748 1464 3811 transeat,
1488 3743 1537 3813 qui
1552 3743 1582 3796 in
1596 3742 1776 3815 profectione

604 3851 710 3906 bellica
732 3852 830 3906 tardus
855 3856 884 3905 et
908 3851 1049 3921 dignitate
1074 3849 1162 3905 semel
1193 3850 1301 3905 exstitit
1331 3849 1457 3921 privatus
1490 3855 1519 3903 et
1549 3849 1645 3904 rebus.
1701 3849 1776 3906 Sane

606 3959 693 4014 duces
727 3975 824 4013 ornnes
859 3958 1043 4028 senioresque
1077 3957 1176 4028 palatii
1206 3957 1242 4010 ad
1271 3955 1429 4011 huiusmodi
1459 3956 1632 4010 sententiam
1663 3957 1775 4011 obnoxii

605 4064 798 4132 tenebuntur,
838 4065 1008 4134 quicumque
1048 4063 1155 4118 fuerint
1193 4063 1345 4134 superioris
1382 4062 1513 4133 precepti
1551 4069 1776 4134 transgressores

605 4171 722 4226 inventi.
769 4171 831 4226 Nec
855 4190 910 4226 non
934 4179 964 4226 et
989 4170 1028 4224 illi
1050 4170 1243 4225 huiuscemodi
1266 4169 1452 4224 damnationis
1482 4170 1653 4225 sententiam
1683 4187 1775 4224 mere-

605 4278 720 4345 buntur,
745 4279 792 4348 qui
817 4285 867 4333 aut
890 4279 926 4333 de
950 4277 1026 4332 bello
1050 4276 1204 4348 refugiunt,
1229 4282 1279 4330 aut
1307 4276 1336 4330 in
1366 4274 1471 4330 bellica
1499 4275 1676 4346 profectione
1708 4293 1775 4331 con-

605 4385 698 4439 stituti
723 4392 803 4440 extra
826 4385 943 4439 senioris
967 4384 1010 4438 sui
1033 4384 1199 4456 permissum
1223 4381 1288 4436 alibi
1313 4400 1480 4452 properasse
1504 4383 1696 4455 reperiuntur.
1741 4382 1775 4436 Id

231 4576 277 4635 IX,
297 4577 322 4635 2,
341 4577 366 4626 9.
411 4576 427 4625 1.
450 4577 472 4625 1.
498 4583 528 4624 ut
547 4575 650 4624 dictum
671 4581 712 4625 est
729 4575 780 4624 des.
800 4573 862 4625 Er.
883 4575 950 4625 Pith.
1005 4570 1060 4637 vel]
1088 4581 1137 4624 aut
1162 4573 1190 4624 E
1208 4576 1230 4623 1.
1263 4573 1272 4634 Η
1303 4575 1321 4625 1.
1341 4576 1366 4628 2.
1394 4567 1532 4636 exhibeat]
1560 4573 1682 4624 exibebit
1707 4572 1734 4623 Ε
1751 4574 1776 4624 2.

123 4667 204 4716 etiarn
222 4659 256 4729 si]
274 4664 311 4715 ito
329 4664 392 4714 Er.
412 4664 475 4725 171;
502 4666 526 4713 si
550 4663 618 4714 deert
640 4673 694 4714 cett.
727 4661 735 4723 i]
768 4665 784 4714 1.
804 4665 829 4714 4.
858 4665 960 4715 istatim
986 4663 1014 4714 Ε
1030 4667 1055 4714 2.
1109 4665 1137 4713 in
1155 4663 1221 4713 deest
1239 4661 1301 4712 El.
1322 4661 1390 4712 Pia.
1422 4660 1432 4724 ΙΙ
1463 4663 1480 4712 1.
1500 4664 1524 4713 5.
1552 4657 1670 4728 prestus]
1698 4677 1775 4728 prae-

123 4753 373 4804 saturnalia.
417 4754 565 4803 maioribus
585 4753 648 4803 El.
692 4747 794 4815 comes]
816 4755 902 4804 cornia
922 4753 990 4815 E13
1010 4769 1101 4804 comes
1120 4753 1240 4802 vicarius
1259 4751 1317 4802 174.
1349 4748 1358 4811 ΙΙ
1389 4752 1407 4802 1.
1426 4751 1450 4801 6.
1479 4745 1539 4814 seu]
1560 4749 1776 4813 siveIi1;seu

78 4856 105 4894 to
123 4845 205 4892 etiarn
223 4841 274 4892 der.
293 4842 350 4892 ΓΒ.
405 4836 531 4908 propriis]
557 4859 606 4908 pro
633 4843 674 4892 bis
701 4841 768 4892 El.
796 4841 863 4892 rtur.
919 4841 1081 4908 religatione
1101 4841 1164 4892 Ε2.
1196 4837 1205 4901 l]
1237 4842 1254 4891 l.
1273 4842 1297 4890 8.
1326 4842 1355 4891 in
1374 4864 1408 4873 -
1427 4834 1550 4904 arbitrio]
1569 4840 1652 4890 abeat
1671 4839 1775 4892 licitum

129 4931 186 4982 173.
218 4929 227 4990 ΙΙ
259 4931 276 4980 1.
296 4932 320 4980 9.
348 4926 475 4993 thiufadi]
496 4931 534 4980 ite
552 4930 621 4992 Ε1;
641 4931 766 4997 tiuphadi
787 4930 814 4981 E
823 4934 848 4982 2.
868 4931 925 4982 1'2.
945 4934 976 4992 33
994 4930 1136 4997 tiriuphadi
1156 4930 1219 4991 171;
1238 4929 1337 4980 tiuiadi
1355 4936 1409 4980 cett.
1454 4927 1614 4980 seilicet-
1633 4923 1731 4993 siant]
1750 4935 1777 4980 et

123 5021 229 5071 homnis
248 5035 365 5086 persona
387 5035 440 5086 qne
466 5019 489 5068 l'
502 5021 525 5070 3.
558 5019 567 5080 l]
599 5021 616 5069 l.
639 5023 678 5070 10.
707 5022 735 5069 in
758 5015 830 5083 loeo]
859 5022 886 5070 in
911 5020 978 5070 deest
1001 5019 1064 5069 Vl.
1096 5017 1105 5078 l]
1137 5019 1154 5069 l.
1176 5021 1216 5068 11.
1245 5013 1423 5081 occurrerint]
1449 5018 1637 5068 concurrerint
1660 5017 1724 5068 171.
1751 5020 1775 5068 2.

122 5111 139 5160 l.
160 5111 202 5160 12.
231 5103 397 5174 effugiendo]
420 5115 468 5159 aut
485 5109 617 5175 fugiendo
639 5109 700 5160 Ea.
733 5109 742 5170 i]
774 5111 790 5160 l.
812 5111 852 5159 13.
880 5102 1074 5169 subtraxerint]
1096 5107 1239 5158 retraxerit
1258 5106 1320 5157 Ε2.
1369 5101 1541 5170 ducentenis]
1560 5105 1598 5156 ita
1616 5105 1657 5167 E;
1675 5106 1775 5158 ducen-

122 5205 210 5249 torum
233 5205 287 5252 cett.
342 5199 452 5249 ducent.
478 5222 509 5232 -
534 5193 679 5260 verberati]
705 5198 751 5249 CC
776 5197 884 5262 flagella
910 5198 1042 5263 suscipiat
1067 5197 1091 5245 17
1106 5199 1130 5248 3.
1185 5190 1316 5258 hictibus]
1342 5195 1380 5246 ito
1405 5194 1432 5246 Ε
1449 5197 1473 5245 2.
1500 5193 1570 5257 172,
1595 5195 1696 5246 ictibus
1720 5203 1775 5245 ortt.

78 5300 105 5339 to
123 5288 140 5338 l.
164 5289 205 5338 14.
242 5287 357 5353 turpiter
385 5311 418 5320 -
446 5282 567 5352 insuper]
598 5286 761 5338 decalbatur
788 5286 899 5354 puplice
928 5295 955 5338 et
983 5302 1032 5352 pro
1062 5287 1149 5352 capite
1176 5285 1238 5335 173.
1301 5290 1329 5335 et
1354 5278 1485 5349 singulas]
1514 5290 1542 5334 et
1568 5283 1635 5334 deest
1658 5283 1721 5333 Vl.
1751 5285 1774 5334 2.

123 5377 140 5426 1.
161 5377 201 5426 15.
229 5374 328 5440 largire
349 5375 412 5426 El.
431 5375 488 5426 172.
508 5375 576 5425 Pau
623 5370 675 5439 sui]
694 5392 744 5426 suo
764 5375 834 5426 Mad.
880 5370 996 5438 maneat]
1015 5377 1038 5425 ci
1069 5375 1126 5425 173.
1159 5372 1168 5434 ΙΙ
1199 5375 1217 5426 t.
1238 5375 1279 5424 18.
1305 5373 1386 5434 Quod
1405 5374 1428 5424 si
1448 5397 1481 5407 —-
1501 5373 1643 5438 dignitatis
1661 5373 1776 5438 pristine

123 5465 206 5516 cadat
235 5461 263 5526 (l.
289 5459 346 5529 26)]
375 5465 446 5514 Haec
472 5481 502 5515 ac
528 5465 578 5514 rou
605 5465 686 5514 codice
711 5465 735 5513 17
751 5467 782 5515 11
808 5464 880 5526 deda
907 5481 971 5530 quoe
997 5464 1072 5514 etiam
1099 5464 1128 5513 in
1156 5463 1241 5513 1715.
1271 5464 1316 5524 16,
1344 5479 1495 5528 quiunquam
1522 5461 1550 5511 in
1577 5460 1650 5512 Mau.
1677 5460 1774 5519 ambro,

122 5553 240 5604 easdam
260 5553 416 5604 credide-im.
448 5551 457 5613 l]
489 5554 506 5604 l.
526 5556 568 5604 21.
597 5557 736 5618 separatas
754 5553 807 5604 eod.
840 5551 849 5613 l]
880 5554 898 5604 l.
917 5555 959 5604 23.
988 5547 1114 5616 ulterius]
1138 5551 1251 5602 alterius
1274 5551 1326 5602 cod.
1359 5549 1368 5610 ll
1399 5551 1416 5600 1.
1436 5544 1691 5616 ilirrevocabili]
1708 5551 1774 5600 irrc-

122 5641 274 5710 cuporabili
294 5642 319 5692 V
328 5644 369 5693 11.
399 5641 408 5702 l]
437 5642 455 5693 l.
473 5644 515 5692 29.
539 5637 693 5708 acceperat]
711 5642 748 5692 ita
767 5642 846 5704 1’17;
866 5644 973 5708 accepit
991 5641 1062 5692 Mad.
1093 5639 1101 5701 ll
1131 5643 1148 5693 1.
1166 5642 1208 5691 30.
1232 5633 1345 5704 tantrrnr]
1363 5640 1400 5690 ita
1419 5639 1498 5700 1711ς
1518 5645 1622 5689 tantum
1642 5644 1684 5688 est
1702 5637 1775 5688 Mad.

78 5745 105 5783 oo
122 5733 139 5783 1.
159 5733 200 5782 33.
229 5725 404 5795 tenebuntur]
423 5732 588 5782 tenebantur
606 5731 680 5782 1717.
