4448 6226
675 290 753 346 LEX
777 290 1081 348 VIslGOTHORUM
1104 291 1171 359 XII,
1191 291 1220 358 3,
1240 289 1290 346 12.
1746 282 1809 344 439

159 485 248 556 Era}
274 477 452 543 Dominum
475 476 607 542 rebellis
631 499 761 565 semper
784 490 816 542 et
839 479 939 565 inpia,
964 479 1140 544 christiana
1162 478 1327 564 mancipia
1350 478 1416 542 suis
1440 475 1560 542 habeat
1582 477 1722 542 servitiis
1738 475 1810 541 reli·
1828 483 1997 557 xu,s,12.

160 595 245 671 gata,
271 595 303 648 et
326 606 422 649 versa
445 586 518 649 vice
541 583 708 671 religionis
732 596 841 650 nostre
865 584 1055 650 honorabile
1073 583 1193 650 Christi
1216 583 1397 648 membrum
1421 583 1607 648 humilietur
1630 593 1704 647 ante
1728 581 1810 647 lilios

159 690 369 777 perditorum,
404 701 436 756 et
466 692 571 777 portio
601 691 709 755 dicata
740 689 868 756 Christo
899 714 959 778 per
988 690 1155 756 lavacrum
1185 690 1382 778 perfidorum
1413 689 1578 777 obsequiis
1609 688 1809 776 subiugatur,

160 799 271 885 sicque
303 821 420 884 corpus
452 797 573 862 Christi
603 797 753 862 videatur
783 796 919 885 obsequi
949 798 1141 863 Antichristi
1171 799 1341 880 ministris,
1373 820 1446 862 cum
1476 808 1666 884 prepostero
1697 796 1809 861 ordine

128 927 141 965 s
160 905 232 991 ipsi,
257 906 313 991 qui
336 915 480 970 nostram
504 916 696 992 oppugnant
718 903 861 969 moribus
885 905 993 988 fidem,
1018 903 1234 991 obsequentes
1258 902 1380 968 habent
1403 903 1444 968 ad
1467 905 1657 990 inpietatem
1672 902 1810 968 famulos

159 1011 236 1076 fidei
259 1023 379 1077 nostre.
433 1010 576 1076 Proinde
606 1010 714 1097 legem
743 1009 842 1093 illam,
874 1034 937 1098 que
968 1033 988 1076 a
1018 1011 1158 1098 glorioso
1188 1033 1378 1099 precessore
1408 1020 1518 1074 nostro
1550 1009 1625 1074 dive
1655 1011 1809 1074 memorie

160 1116 310 1184 Sisebuto
341 1141 419 1204 rege
451 1129 500 1182 est
531 1116 620 1182 edita
630 1123 651 1201 ¹,
682 1119 715 1182 in
746 1118 930 1183 huiusmodi
962 1120 1070 1183 causis
1101 1118 1275 1183 tenendam
1306 1140 1377 1182 esse
1413 1119 1576 1182 sancimus
1613 1127 1645 1181 et
1681 1138 1809 1181 omnem

159 1235 284 1290 textum
318 1223 400 1310 legis
435 1226 554 1311 ipsius,
591 1237 730 1311 excepto
765 1224 821 1289 ubi
856 1227 969 1290 mortis
1004 1225 1083 1290 ultio
1118 1227 1263 1312 ponitur,
1305 1224 1445 1311 glorioso
1481 1225 1663 1288 serenitatis
1701 1234 1809 1288 nostre

159 1331 289 1396 oraculo
322 1331 565 1415 confirmamus;
597 1331 737 1418 qualiter
759 1333 851 1396 iuxta
880 1331 1027 1418 predicto
1058 1331 1139 1418 legis
1170 1331 1324 1414 edictum,
1355 1331 1412 1395 ubi
1442 1341 1698 1417 transgressores
1728 1329 1810 1416 legis

115 1462 141 1500 ro
158 1439 276 1525 ipsius,
313 1460 518 1504 successores
558 1438 683 1504 scilicet
721 1440 814 1526 regni
825 1445 845 1521 ²,
885 1439 945 1504 sub
985 1451 1143 1526 perpetua
1176 1438 1415 1504 maledictionis
1451 1461 1589 1503 censura
1626 1436 1808 1518 obstrinxit,

159 1545 263 1610 nullus
302 1569 344 1610 ex
378 1545 489 1611 Iudeis
527 1547 727 1632 mancipium
766 1545 976 1611 christianum
1015 1546 1136 1610 habere
1175 1554 1342 1632 presumat
1380 1567 1441 1610 nec
1480 1544 1657 1631 quidquam
1698 1555 1811 1608 contra

159 1652 304 1717 eiusdem
334 1653 415 1737 legis
444 1653 568 1716 monita
598 1674 695 1738 agere
726 1652 855 1735 audeat,
886 1665 1023 1740 excepto
1055 1653 1116 1718 hoe
1147 1677 1262 1718 unum:
1298 1652 1420 1717 eisdem
1444 1651 1554 1717 Iudeis
1585 1653 1714 1738 penitus
1744 1674 1808 1716 non

159 1758 278 1842 licebit,
310 1757 488 1823 secundum
512 1757 600 1845 quod
624 1758 678 1823 lex
709 1760 780 1845 ipsa
810 1760 977 1845 permittit,
1012 1770 1047 1824 ut
1076 1760 1286 1825 christianum
1317 1761 1516 1846 mancipium
1540 1758 1660 1823 ludeus
1691 1758 1810 1822 audeat

159 1867 395 1931 manumittere.
445 1865 531 1946 Quia
554 1864 650 1930 valde
675 1866 844 1952 indignum
870 1877 928 1948 est,
952 1879 988 1932 ut
1010 1867 1066 1948 hii,
1091 1890 1172 1955 qnos
1197 1889 1316 1931 cenosa
1339 1867 1478 1930 servitus
1502 1864 1638 1952 perfidie
1657 1864 1807 1946 maculat,

115 1995 140 2034 n
158 1970 315 2038 libertatis
339 1971 466 2037 titulum
494 1972 679 2037 christianis
709 1974 876 2060 inponant.
930 1973 1003 2039 Non
1033 1975 1120 2038 enim
1150 1986 1199 2038 est
1230 1995 1442 2059 consequens,
1474 1985 1509 2037 ut
1538 1971 1672 2036 tenebre
1702 1970 1808 2036 lucem

159 2077 334 2160 enubilem,
367 2090 422 2144 aut
446 2079 585 2143 servitus
615 2090 769 2166 preroget
798 2079 997 2164 libertatem3
1028 2081 1201 2168 presertim
1232 2103 1304 2144 cum
1335 2080 1396 2144 hoc
1427 2080 1461 2144 in
1491 2079 1639 2166 primeva
1668 2090 1808 2143 tantum-

158 2185 253 2250 modo
284 2185 426 2251 editione
457 2184 538 2271 legis
570 2186 682 2272 ipsius,
717 2209 788 2252 cum
820 2187 862 2252 ad
892 2187 989 2251 fidem
1021 2187 1168 2274 primitus
1199 2197 1404 2269 vocarentur,
1435 2185 1498 2250 illis
1528 2185 1679 2250 videatur
1708 2186 1808 2250 fuisse

157 2315 358 2358 concessum.
404 2292 500 2358 Nunc
524 2316 602 2358 vero
627 2293 839 2358 christianum
871 2316 1067 2381 quemquam
1096 2295 1296 2380 mancipium
1325 2294 1552 2358 manumittere
1583 2294 1713 2358 omnino
1744 2315 1809 2358 non

156 2410 318 2486 poterunt,
349 2401 426 2487 quia
457 2412 570 2466 contra
599 2401 681 2486 legis
711 2401 813 2486 ipsius
845 2399 997 2483 edictum,
1028 2411 1064 2467 ut
1093 2423 1170 2466 vere
1201 2403 1313 2487 utique
1343 2410 1600 2485 transgressores
1633 2399 1809 2464 christiana

112 2530 138 2568 ao
157 2505 278 2571 habere
302 2508 468 2594 mancipia
492 2506 743 2595 conprobantur,
769 2505 886 2593 quibus
911 2507 1060 2590 sufficiat,
1086 2509 1113 2572 si
1137 2531 1196 2594 pro
1220 2508 1383 2594 preteritis
1406 2506 1719 2592 transgressionibus
1743 2530 1808 2571 non

157 2613 360 2678 damnentur.
408 2614 492 2679 Nam
523 2614 618 2680 modo
649 2613 712 2678 illis
742 2614 802 2678 hec
834 2614 966 2680 licentia
995 2615 1125 2701 penitus
1156 2614 1352 2700 denegatum
1385 2615 1462 2700 qnia
1493 2623 1605 2678 eontra
1634 2612 1808 2678 interdieta

156 2719 263 2806 legum
288 2733 320 2785 ct
344 2743 504 2786 canonum
528 2744 626 2808 agere
650 2723 916 2809 presumpserint.
962 2722 1035 2786 Hoc
1059 2733 1184 2786 tantum
1215 2719 1278 2785 illis
1309 2743 1397 2784 more
1429 2720 1636 2785 concedimus
1666 2722 1806 2806 pietatis,

156 2838 191 2892 ut
215 2850 234 2892 a
257 2829 361 2914 primo
386 2851 470 2893 anno
494 2829 588 2914 regni
611 2829 723 2909 nostri,
746 2828 781 2893 id
805 2841 854 2892 est
878 2852 897 2894 a
919 2828 986 2893 kal.
1010 2827 1091 2892 Feb.
1116 2850 1219 2914 usque
1243 2829 1277 2892 in
1301 2828 1542 2913 sexagesimum
1571 2826 1658 2891 diem
1688 2826 1808 2891 habeat

157 2936 303 3021 quisquis
341 2935 395 2999 ille
430 2935 550 3000 ludens
588 2937 681 2999 iuxta
718 2944 865 3000 tenorem
904 2935 1050 3022 predicte
1089 2935 1171 3020 legis
1205 2933 1369 2998 licentiam
1405 2933 1583 2998 christiana
1616 2933 1806 2998 venundare

111 3063 138 3104 ss
155 3042 329 3128 mancipia,
352 3064 418 3106 non
447 3053 556 3107 tamen
587 3043 656 3106 sine
688 3044 872 3128 cognitione
903 3042 1108 3107 sacerdotum
1138 3040 1191 3106 vel
1220 3040 1375 3122 iudicum,
1406 3041 1449 3105 ad
1479 3063 1616 3129 quorum
1646 3041 1808 3105 territoria

156 3149 318 3234 pertinere
348 3159 542 3214 noscuntur:
575 3171 615 3214 ne
646 3161 679 3214 et
708 3149 770 3232 hii,
802 3151 857 3235 qui
887 3147 1098 3214 venundandi
1129 3159 1220 3230 sunt,
1256 3147 1375 3213 damna
1409 3149 1521 3212 mortis
1556 3147 1721 3234 perierant
1754 3148 1807 3212 vel

156 3253 278 3337 salutis,
303 3254 413 3338 ethii,
439 3257 494 3342 qui
518 3254 704 3320 venditores
729 3258 882 3340 existunt,
909 3255 1015 3321 locum
1039 3253 1166 3342 agende
1190 3255 1313 3320 fraudis
1337 3254 1390 3319 vel
1420 3255 1589 3319 inferendo
1620 3257 1807 3341 repperiunt

263 3475 326 3535 XII,
347 3477 371 3532 3,
393 3477 434 3526 12.
472 3475 755 3526 l.1.hnbeant1!a‹t.
796 3479 824 3527 in
844 3478 962 3527 servitiis
983 3477 1057 3526 1110.
1081 3475 1089 3536 ll
1112 3477 1129 3528 1.
1143 3479 1167 3527 2.
1187 3471 1344 3538 membrum]
1366 3493 1478 3543 regnum
1499 3477 1555 3526 Vs.
1575 3479 1617 3527 20.
1641 3477 1649 3538 ΙΙ
1672 3478 1727 3528 13.
1746 3493 1805 3542 per-

156 3565 273 3615 ditorum
293 3589 326 3598 -
346 3560 515 3630 subiugatur]
535 3565 696 3631 perfidorum
715 3565 786 3616 Mad.
819 3564 828 3624 ll
860 3568 876 3617 1.
897 3569 921 3615 4.
949 3566 1079 3616 ministris
1098 3559 1170 3628 ctam]
1195 3566 1323 3615 ministris
1350 3572 1456 3615 etcum
1483 3564 1570 3626 dlad.,·
1595 3568 1717 3616 ministro
1744 3583 1806 3616 cum

112 3670 137 3708 so
163 3654 227 3715 Vs;
246 3655 383 3705 ministros
404 3669 465 3704 curn
485 3653 548 3716 Vs;
571 3655 721 3705 ministerio
742 3655 799 3705 Vl.
832 3654 840 3714 ll
872 3655 889 3705 l.
909 3657 932 3706 5.
962 3661 1055 3705 nostro
1075 3653 1102 3704 E
1114 3657 1135 3704 1.
1192 3649 1358 3720 oppugnant]
1379 3655 1537 3720 obpugnare
1559 3655 1620 3716 1'13
1647 3657 1807 3720 impugnant

163 3743 218 3792 Va.
263 3743 297 3793 ad
316 3745 371 3809 inp.
392 3767 425 3776 -
445 3751 537 3794 nostre
556 3742 606 3793 des.
627 3744 683 3793 Vs.
730 3744 765 3794 ad
785 3738 952 3808 inpietatem]
972 3744 1022 3793 sub
1041 3745 1188 3809 impietatis
1208 3759 1255 3793 sue
1276 3759 1366 3794 errore
1386 3742 1457 3793 Mod.
1489 3743 1498 3802 ll
1530 3745 1546 3794 1.
1566 3745 1590 3793 6.
1618 3739 1690 3806 fidei]
1711 3760 1806 3795 sacrae

155 3831 218 3882 fidei
237 3831 309 3882 llud.
358 3833 569 3898 praedecessore
589 3831 660 3883 llud.
690 3829 699 3891 ll
728 3834 783 3884 11.
804 3849 910 3883 ornnem
930 3827 1043 3896 textum]
1064 3848 1143 3882 omne
1162 3839 1259 3882 testum
1280 3832 1342 3894 Vs;
1366 3839 1519 3883 contextum
1539 3832 1610 3884 arad.
1640 3831 1649 3892 ΙΙ
1678 3833 1695 3884 1.
1713 3835 1737 3883 8.
1759 3850 1804 3883 ex·

156 3915 247 3988 cepto]
275 3927 390 3987 accepto
415 3919 476 3971 V'r.
503 3923 526 3970 6.
554 3923 578 3971 8.
633 3916 752 3986 ponitur]
771 3922 902 3988 panditur
921 3923 978 3973 Vs
998 3924 1040 3980 20.
1072 3923 1081 3982 ll
1113 3923 1172 3972 19.
1201 3921 1392 3972 confirmamur
1411 3921 1473 3972 El.
1528 3917 1613 3984 iuxta]
1640 3923 1711 3972 sicut
1729 3924 1806 3972 iuxta

161 4009 230 4072 Vl;
256 4009 323 4060 deest
347 4009 419 4060 arad.
475 4011 594 4061 edictum
612 4005 669 4074 ubi]
690 4012 780 4062 edicto
800 4009 872 4061 Mad.
904 4011 913 4072 ll
945 4012 961 4061 1.
983 4013 1024 4062 10.
1053 4027 1224 4062 successores
1244 4005 1361 4074 scilicet]
1381 4012 1607 4076 praedecessores
1626 4013 1711 4061 nostri
1734 4011 1804 4062 Mad.

110 4115 135 4154 aa
156 4101 232 4164 regni
251 4101 337 4150 nostri
357 4099 414 4150 Vl.
461 4101 634 4166 obstringunt
654 4099 738 4160 liudp
757 4101 903 4166 obstringit
922 4100 978 4151 Vs.
1010 4099 1020 4158 11
1051 4100 1068 4149 1.
1089 4102 1130 4150 12.
1159 4094 1267 4162 atrdeat]
1290 4107 1444 4165 praesumat
1462 4095 1534 4149 Pata.
1577 4095 1668 4164 unum]
1687 4099 1723 4151 ito
1742 4100 1804 4150 ΕΙ.

162 4188 217 4238 Vb.
238 4189 269 4250 8;
290 4204 344 4240 uno
364 4189 436 4254 quod
457 4188 513 4239 Vs.
535 4192 575 4239 10.
596 4187 682 4250 ,tracta
707 4205 762 4240 uno
782 4205 843 4240 cnm
862 4184 933 4239 Pas.
993 4207 1024 4240 ex
1045 4189 1145 4240 eisdem
1166 4188 1221 4238 Vt.
1242 4193 1266 4238 8.
1322 4188 1424 4239 eisdem
1444 4213 1475 4222 -
1496 4190 1644 4239 secundum
1664 4191 1736 4254 quod
1754 4189 1805 4240 des.

162 4275 217 4327 Vl.
237 4277 309 4328 Mad.
341 4275 350 4336 11
382 4278 398 4329 1.
421 4279 461 4328 13.
490 4279 549 4343 ipsa
570 4279 608 4328 eis
627 4279 759 4344 permittit
777 4275 849 4328 atad.
882 4277 891 4339 ll
922 4279 940 4329 1.
961 4280 1002 4328 14.
1030 4278 1159 4342 indignus
1179 4277 1241 4328 ΕΙ.
1297 4285 1327 4327 ut
1348 4273 1395 4340 hii]
1419 4277 1457 4327 hii
1479 4277 1545 4328 deest
1567 4273 1638 4328 Pub.
1693 4274 1804 4342 cenosa]

154 4382 222 4436 cena
248 4365 316 4417 El.
349 4364 357 4426 ll
389 4367 406 4416 1.
428 4368 468 4416 15.
498 4373 539 4417 est
563 4366 629 4417 dest
654 4367 717 4417 Vl.
749 4367 758 4428 ll
790 4369 807 4418 1.
828 4369 868 4417 16.
898 4363 1048 4430 enubilem]
1075 4367 1234 4418 ennubileut
1259 4367 1327 4430 Vs;
1356 4373 1381 4417 et
1403 4367 1527 4417 nubilant
1551 4367 1618 4428 Vo;
1644 4368 1805 4419 obnubilent

154 4453 223 4506 Pith-
242 4454 313 4505 Mad.
369 4450 497 4519 servitus]
519 4463 566 4506 artt
585 4472 681 4506 servus
699 4456 760 4508 add.
780 4456 837 4506 Vs.
857 4459 881 4508 9.
937 4465 1065 4522 preroget
1084 4451 1245 4519 libertatem]
1266 4463 1396 4521 proroget
1416 4455 1568 4506 libertatem
1588 4455 1651 4516 V6;
1678 4465 1805 4522 preroget

107 4561 135 4598 ao
154 4543 274 4596 libertati
293 4545 364 4595 stad.
395 4541 404 4604 ll
433 4545 450 4595 1.
472 4545 512 4594 11.
538 4545 674 4596 edictione
694 4544 763 4606 Ε1;
783 4546 938 4596 edicciones
958 4546 1015 4596 Vt.
1045 4545 1053 4604 ll
1083 4546 1099 4596 1.
1121 4547 1161 4594 18.
1188 4546 1365 4596 christianum
1384 4569 1419 4578 -
1439 4561 1492 4596 non
1512 4541 1648 4612 poterunt]
1668 4547 1804 4597 sancimus

153 4649 201 4699 per
219 4633 300 4684 huius
320 4633 389 4699 legis
409 4633 857 4694 seriem,utnullus1udaecrum
877 4634 1053 4686 christianum
1073 4635 1238 4701 mancipium
1258 4637 1431 4686 manumittat
1449 4634 1521 4684 Mod.
1543 4635 1552 4694 ll
1575 4636 1592 4686 1.
1608 4637 1647 4684 19.
1668 4631 1803 4701 poterunt]

153 4722 190 4773 ita
208 4723 348 4774 ΕΙ.178.
368 4720 648 4789 Pta.,·p0ternvs.
670 4727 717 4786 103
738 4725 859 4790 potuerit
878 4724 901 4772 V
911 4725 935 4774 6.
973 4723 1041 4790 legis
1060 4725 1145 4789 ipsius
1165 4749 1198 4757 -
1218 4726 1282 4790 quia
1301 4730 1396 4774 contra
1414 4725 1464 4774 cles.
1484 4725 1541 4773 Vl.
1568 4724 1576 4784 ll
1602 4725 1619 4774 1.
1633 4726 1675 4775 20.
1695 4721 1803 4790 quibus]

154 4819 244 4864 tamen
266 4811 327 4862 aaa.
351 4811 422 4862 Mau.
449 4809 458 4871 ΙΙ
484 4813 501 4863 1.
516 4813 557 4862 21.
577 4807 668 4876 modo]
690 4829 757 4864 sane
775 4813 836 4863 odd.
855 4812 928 4863 stad.
973 4808 1128 4874 interdicta]
1150 4814 1224 4863 dicta
1243 4813 1324 4874 V10;
1347 4813 1413 4864 deest
1431 4807 1502 4857 stau.
1529 4811 1537 4873 ll
1563 4813 1636 4866 122.
1656 4811 1801 4879 canonum]

154 4902 243 4953 edicta
260 4901 320 4952 adt.
340 4901 412 4952 Mad.
467 4909 688 4970 presumpserunt
711 4902 739 4952 Ε
757 4906 780 4953 1.
834 4897 897 4965 illis]
923 4903 981 4952 sine
1008 4902 1091 4952 dubio
1116 4899 1176 4952 ada.
1203 4901 1275 4952 stad.
1307 4899 1316 4962 ll
1348 4903 1427 4953 123.
1453 4919 1469 4952 a
1489 4900 1620 4952 kalendas
1639 4903 1804 4954 Februarias

107 5005 133 5044 te
159 4990 183 5040 1⁷
198 4994 227 5053 1;
254 5008 270 5041 s
295 4989 350 5042 kal.
375 4989 478 5042 Febras
503 4991 565 5040 Vs.
620 5007 707 5056 usque
733 4986 770 5054 in]
797 5007 883 5058 usque
910 4992 944 5042 ad
971 4992 1033 5042 Vs.
1054 4993 1095 5041 20.
1123 4989 1282 5040 Pitanae.
1337 4985 1440 5058 serug]
1460 4992 1508 5042 XL
1527 4991 1602 5051 Vsu,
1620 4992 1661 5042 hic
1681 5000 1706 5042 et
1722 4993 1803 5058 iufra.

153 5079 231 5130 121.
260 5075 392 5145 quisquis]
411 5082 525 5145 quisque
546 5079 573 5130 Ε
586 5082 607 5130 1.
628 5079 697 5132 Pith.
717 5081 788 5132 Mad.
843 5080 890 5131 ille
910 5080 1011 5131 ludens
1030 5104 1064 5114 -
1085 5079 1153 5146 legis
1175 5080 1224 5130 des.
1245 5079 1316 5130 irad.
1371 5080 1494 5146 predicte
1517 5075 1595 5145 legis]
1623 5079 1691 5146 legis
1716 5083 1803 5147 ipsius

160 5167 216 5220 Vb.
238 5171 278 5219 10.
331 5170 488 5220 venundare
507 5169 574 5220 deest
592 5169 655 5219 ΕΙ.
688 5168 696 5228 ll
728 5170 745 5221 1.
765 5171 808 5220 26.
836 5185 870 5220 ne
891 5165 928 5233 et]
948 5169 1059 5220 etdeest
1078 5167 1149 5219 Jlad.
1195 5163 1380 5233 venundandi]
1400 5169 1436 5219 ita
1455 5169 1593 5220 BLV5.
1614 5171 1637 5220 8.
1660 5169 1804 5232 rodina,-

152 5257 515 5310 venundatil'1.o.1!ad.
571 5257 615 5309 vel
637 5257 731 5309 salutis
751 5259 801 5309 cles.
821 5257 892 5309 Mad.
925 5257 934 5319 ll
966 5259 1045 5309 127.
1075 5253 1122 5323 hii]
1141 5259 1183 5308 his
1205 5257 1272 5308 Pia.
1329 5253 1445 5324 agende]
1470 5259 1594 5310 habende
1621 5257 1688 5310 Pia.
1744 5277 1802 5326 rep-

152 5343 267 5413 periunt]
288 5348 432 5414 repediant
450 5345 478 5396 Ε
490 5351 513 5397 1.

105 5566 133 5606 so
263 5545 291 5602 ll
331 5547 409 5618 XII,
446 5545 481 5618 2,
521 5547 570 5604 14.
686 5546 716 5616 2)
757 5547 894 5624 Spectant
927 5548 996 5605 hacc
1030 5549 1072 5606 ud
1103 5547 1206 5606 uerba:
1241 5547 1425 5605 successores
1460 5567 1571 5621 quoque
1607 5557 1718 5603 nostros
1752 5556 1801 5604 etc.

152 5653 222 5725 XII,
248 5653 277 5724 2,
305 5655 344 5710 14
372 5675 406 5731 p.
432 5653 506 5725 422,
539 5655 557 5711 l.
584 5653 620 5710 21
656 5663 682 5711 et
710 5654 743 5711 ib.
775 5675 803 5712 n.
830 5653 859 5710 2.
