4388 6226
376 343 672 400 SUPPLEMENTA.
697 375 741 384 -
765 344 879 400 CONC.
904 345 1045 401 TOLET.
1070 347 1165 404 XVII.
1188 377 1232 386 -
1256 346 1596 406 SUBSCRIPTIONES.
1751 345 1815 408 485

163 530 338 595 voluntatis
369 532 506 616 irnperio
537 533 695 596 reservati
726 542 801 596 sunt
830 533 923 617 regni
952 534 1054 597 nostri
1085 545 1230 618 tempore
1262 533 1464 620 corrigendi,
1496 538 1716 601 necessarium
1747 538 1816 602 fore

163 647 274 702 nostra
304 638 478 724 perpendit
506 638 739 724 tranquillitas,
775 648 811 703 ut
839 649 947 703 vestro
978 649 1225 726 nostrorumque
1257 642 1447 726 optimatum
1477 642 1623 727 generali
1654 655 1817 708 conventu

163 767 274 808 eorum
305 745 451 830 nequitia
475 746 668 830 quantocius
699 744 889 828 refrenctur,
914 768 978 831 quo
1009 745 1188 831 opitulante
1213 745 1342 810 Christo
1373 748 1536 834 extirpata
1565 749 1711 834 ipsorum
1740 773 1816 814 con·

163 851 270 916 festim
299 851 447 937 nequitia
470 849 680 915 christianum
703 873 822 915 nomen
845 851 975 938 polleat,
999 861 1032 916 et
1056 851 1177 916 Christi
1199 852 1281 916 fides
1311 853 1437 918 infinite
1469 853 1637 936 clarescat,
1668 879 1709 919 ne
1740 866 1816 920 tunc

132 957 313 1027 svideatur
343 967 453 1022 tantae
483 956 640 1044 perfidiae
664 956 801 1039 obviari,
833 957 963 1044 quando
987 958 1161 1023 eeclesiam
1184 959 1378 1024 catholicam
1407 982 1519 1024 eorum
1543 961 1730 1026 dinoscatur
1760 962 1816 1026 ad-

162 1065 301 1128 versitas
331 1065 534 1150 impugnare.
581 1064 626 1128 Ut
650 1086 727 1150 ergo
752 1077 819 1128 tam
843 1064 914 1128 dira
944 1065 1178 1130 incredulitatis
1209 1067 1407 1152 perversitas
1437 1068 1525 1132 vieta
1556 1067 1730 1155 dispereat,
1762 1079 1817 1134 aut

163 1170 313 1258 synodali
341 1170 568 1234 emendatione
599 1193 619 1234 a
648 1170 809 1256 parentali
839 1170 1043 1236 refrenentur
1066 1194 1187 1254 errore,
1219 1183 1285 1253 aut,
1317 1173 1345 1236 si
1374 1171 1493 1259 placet,
1523 1173 1677 1238 uniformi
1708 1186 1818 1240 vostra

164 1278 324 1342 sententia
347 1277 430 1342 falce
455 1287 609 1342 maneant
631 1279 773 1342 iustitiae
798 1276 953 1358 desecati,
978 1280 1025 1342 sic
1049 1301 1178 1365 quoque
1202 1289 1238 1342 ut
1262 1278 1341 1365 quid
1365 1279 1406 1343 de
1429 1279 1493 1342 illis
1510 1283 1701 1366 cunctisque
1718 1280 1816 1346 rebus

162 1385 307 1471 ipsorum
330 1406 428 1469 agere
453 1385 637 1466 conveniat,
663 1385 822 1449 canonica
844 1385 946 1448 vestri
970 1394 1081 1449 coetus
1106 1386 1267 1448 sententia
1290 1387 1412 1471 patenti
1439 1385 1511 1449 stilo
1529 1389 1711 1469 constituat,
1729 1388 1817 1474 quod

118 1521 144 1560 ιο
162 1504 292 1555 nostrae
316 1491 397 1576 legis
422 1513 561 1556 censura
583 1492 745 1577 perpetim
776 1489 891 1556 stabile
918 1513 1050 1555 manere
1075 1490 1241 1574 decernat,
1271 1490 1335 1554 illis
1366 1492 1558 1556 tantundem
1581 1492 1744 1558 Hebraeis
1774 1494 1817 1559 ad

161 1620 317 1684 praesens
345 1598 531 1679 reservatis²
562 1599 619 1684 qui
643 1596 770 1662 Galliac
800 1599 988 1684 provinciae
1019 1597 1175 1662 videlicet
1204 1599 1290 1662 intra
1322 1597 1488 1663 clausuras
1518 1610 1697 1664 noscuntur
1726 1599 1817 1665 habi-

161 1715 282 1769 tatores
306 1705 447 1768 existere
471 1704 524 1767 vel
548 1703 590 1768 ad
607 1703 760 1768 ducatum
784 1705 927 1790 regionis
951 1705 1052 1791 ipsius
1077 1705 1250 1790 pertinere,
1275 1715 1319 1786 ut,
1345 1706 1423 1790 quia
1439 1704 1566 1770 delictis
1590 1705 1817 1790 ingruentibus

162 1823 194 1876 et
222 1821 376 1875 externae
407 1812 514 1896 gentis
543 1811 676 1875 incursu
707 1821 739 1875 et
769 1810 885 1897 plagae
916 1810 1092 1897 inguinalis
1123 1812 1255 1875 interitu
1290 1813 1412 1897 passim
1448 1813 1520 1898 ipsa
1555 1811 1596 1876 ab
1632 1812 1817 1878 hominibus

162 1917 307 1983 desolata
331 1917 520 1999 dinoscitur,
546 1941 620 1981 eum
644 1917 794 1981 omnibus
824 1915 921 1981 rebus
951 1919 1018 1981 suis
1049 1917 1083 1980 in
1111 1916 1265 2003 suffragio
1290 1917 1382 1982 ducis
1406 1928 1511 1982 terrae
1542 1919 1644 2004 ipsius
1676 1921 1819 1984 existant

116 2049 143 2089 rs
162 2036 195 2089 et
215 2023 354 2111 publicis
378 2023 571 2088 utilitatibus
595 2024 777 2110 profectum
800 2025 1027 2088 incunctanter
1046 2023 1239 2107 exhibeant3
1264 2025 1310 2088 ita
1333 2033 1368 2088 ut
1392 2024 1571 2088 seeundum
1590 2035 1723 2090 sanctae
1739 2025 1818 2090 fidei

161 2131 306 2217 regulam
337 2142 373 2195 ut
396 2153 473 2195 vere
499 2130 703 2196 christicolae
728 2133 829 2194 vitam
859 2153 950 2196 suam
974 2131 1137 2215 corrigant
1165 2140 1198 2194 ct
1227 2153 1355 2194 omnem
1386 2132 1548 2216 genuinae
1579 2131 1817 2197 incredulitatis

162 2260 304 2302 errorem
337 2261 356 2302 a
387 2239 453 2302 suis
489 2236 641 2302 cordibus
677 2237 808 2324 pellant.
863 2236 960 2317 Quod
990 2236 1017 2299 si
1053 2235 1169 2300 amodo
1200 2235 1252 2300 vel
1287 2237 1321 2300 in
1353 2235 1515 2301 modicum
1547 2236 1667 2302 detecti
1697 2238 1818 2302 fuerint

162 2355 293 2409 sanctae
318 2344 395 2408 fidei
419 2344 651 2430 depravatores
675 2345 828 2434 existere,
852 2343 938 2407 illico
963 2341 1003 2406 de
1030 2351 1117 2406 terra
1147 2343 1218 2427 ipsa
1248 2343 1386 2429 promoti
1419 2342 1534 2407 cadem
1565 2367 1630 2430 qua
1661 2355 1693 2408 et
1723 2367 1816 2430 prae·

162 2450 240 2514 dicti
264 2461 417 2537 parentes
442 2474 552 2515 eorum
578 2473 717 2515 censura
741 2460 835 2514 crunt
858 2449 961 2514 medis
986 2447 1136 2513 omnibus
1160 2449 1298 2514 feriendi
1324 2499 1464 2513 .....

115 2841 143 2880 20
347 2791 394 2873 B.
451 2789 940 2876 SUBSCRIPTIONES
972 2789 1235 2874 VIRORUM
1265 2789 1628 2876 ILLUSTRIUM.

393 2979 419 3040 1.
462 2977 530 3040 zx
550 2975 691 3042 noras
717 2975 932 3039 cosrorzrr
955 2975 1199 3040 rezzznsr
1217 2975 1283 3038 rrr.
1310 2975 1353 3058 (a.
1378 2977 1453 3056 sse,
1478 2976 1585 3060 naa).

160 3120 235 3184 Post
268 3121 513 3206 subscriptiones
548 3122 782 3206 praeceperam,
811 3119 1084 3205 presbyterorum,
1121 3118 1326 3182 diaconorum
1358 3119 1556 3205 confessioni
1583 3119 1755 3184 catholicoe
1790 3135 1818 3184 et

531 3227 732 3291 dominationi
752 3226 891 3289 lreeresr‘s
913 3225 1059 3290 Arianae
1081 3226 1235 3288 subiectos
1257 3239 1447 3310 sequuntur:

269 3350 405 3436 Signum
430 3349 566 3415 Gessini
588 3351 651 3414 viri
679 3349 811 3413 illustris
834 3351 973 3436 proceri.
1065 3348 1175 3412 Fonsa
1198 3350 1249 3411 vir
1278 3347 1403 3412 illuster
1432 3348 1710 3412 anathematizans
1741 3348 1815 3414 sub-

116 3487 142 3527 ss
161 3459 286 3544 scripsi.
378 3457 485 3521 Afrila
508 3459 559 3520 vir
587 3457 712 3521 illuster
735 3454 1012 3521 anathematizans
1041 3453 1230 3541 subscripsi.
1321 3455 1419 3539 Agila
1450 3457 1501 3518 vir
1529 3454 1654 3519 illuster
1683 3455 1815 3521 anathe-

160 3567 318 3630 matizans
349 3562 538 3650 subscripsi.
640 3562 715 3627 Ella
745 3563 797 3626 vir
829 3562 954 3627 illuster
988 3560 1266 3626 anathematizans
1302 3559 1490 3648 subscripsi.
1594 3561 1749 3626 Similiter
1784 3574 1817 3626 ct

161 3695 273 3736 omnes
298 3673 442 3736 seniores
467 3669 649 3735 Gothorum
673 3668 944 3755 subscripserunt.

375 3903 405 3964 2.
446 3901 515 3965 EX
534 3900 674 3966 news
702 3899 917 3965 CONCILII
940 3898 1184 3962 TOLE'I'rlNI
1206 3897 1297 3961 VIII.
1324 3898 1367 3980 (u.
1392 3899 1466 3978 653,
1491 3897 1594 3981 Dee).

554 4035 614 4098 Ex
644 4034 751 4098 viris
782 4029 1026 4096 illustribus
1057 4030 1199 4094 officii
1230 4029 1422 4116 palatini.

116 4189 143 4229 so
268 4158 465 4244 Hodoagrus
490 4180 598 4222 comes
623 4156 895 4222 cubiculariorum
920 4166 952 4220 et
976 4155 1053 4218 dux.
1135 4154 1232 4219 Ollilo
1257 4178 1366 4219 cornes
1390 4154 1664 4219 cubiculariorum
1688 4163 1721 4218 ct
1737 4153 1814 4217 dux.

123 4265 129 4278 '
160 4265 301 4330 Adultus
326 4288 435 4330 comes
460 4267 663 4329 scanciarum
689 4274 720 4328 et
745 4263 821 4328 dux.
913 4261 1027 4325 Babilo
1053 4285 1161 4326 comes
1185 4273 1217 4326 et
1240 4285 1366 4348 procer.
1457 4260 1612 4326 Astaldus
1644 4282 1752 4324 comes
1783 4270 1816 4325 et

161 4395 286 4460 procer.
389 4371 540 4436 Ataulfus
576 4394 695 4436 comcs.
802 4368 876 4433 Ella
910 4391 1018 4434 comes
1054 4379 1086 4432 et
1120 4368 1198 4432 dux.
1304 4368 1426 4432 Paulus
1462 4390 1570 4433 comes
1605 4368 1814 4432 notariorum.

160 4479 322 4544 Evantius
353 4501 462 4543 comes
493 4479 708 4542 scanciarum.
799 4475 951 4540 Euredus
982 4497 1091 4539 comes
1122 4485 1154 4538 et
1184 4497 1310 4561 procer.
1402 4475 1538 4561 Riquira
1574 4496 1681 4538 comcs
1716 4474 1815 4559 patri-

161 4587 353 4650 moniorum.
457 4583 564 4648 Afrila
596 4607 704 4648 eomes
736 4584 950 4647 scanciarum.
1049 4581 1268 4646 Wencdarius
1300 4603 1408 4646 comes
1439 4582 1644 4646 scanciarum
1675 4591 1707 4644 ct
1737 4579 1814 4646 dux.

116 4721 143 4762 ss
160 4691 301 4756 Fundila
337 4714 445 4756 comes
482 4691 685 4756 scanciarum
721 4701 754 4754 ct
788 4688 866 4753 dux.
969 4687 1206 4752 Cumefrendus
1238 4711 1345 4753 comes
1376 4689 1603 4774 spatariorum.
1705 4686 1817 4752 Froila

162 4821 271 4862 comes
296 4809 327 4862 et
350 4820 476 4884 procer.
568 4796 693 4862 Riccila
717 4818 825 4861 comes
849 4795 1125 4880 patrimoniorum.

398 5031 428 5092 3.
467 5027 536 5092 EX
555 5027 695 5092 noris
722 5025 937 5090 CONCILII
959 5025 1202 5089 TOLETANI
1220 5025 1281 5089 IX.
1307 5026 1351 5108 (a.
1374 5027 1449 5106 655,
1473 5025 1580 5110 Nou).

633 5161 725 5226 Viri
755 5159 948 5224 illustres
979 5158 1120 5222 officii
1151 5157 1342 5244 palatini.

268 5287 390 5351 Paulus
415 5309 523 5351 comes
547 5287 756 5350 notariorum.
849 5284 1002 5348 Etherius
1026 5304 1135 5360 comes
1166 5280 1449 5347 cubiculariorum.
1541 5279 1615 5344 Ella
1646 5303 1754 5346 comes
1783 5291 1817 5344 et

115 5423 142 5462 ro
162 5395 240 5459 dux.
332 5393 457 5458 Riccila
481 5415 590 5457 comes
614 5393 891 5479 patrimoniorum.

268 5613 285 5662 l.
306 5614 348 5662 24.
377 5612 501 5669 Gusiani,
522 5611 642 5672 Quissini
665 5609 698 5658 al.
732 5607 740 5667 ll
773 5609 789 5658 l.
810 5609 852 5657 25.
880 5601 970 5671 Agita]
992 5606 1054 5656 dila
1072 5608 1106 5656 nl.
1139 5605 1147 5664 ll
1179 5606 1195 5654 l.
1216 5607 1258 5655 26.
1287 5598 1360 5668 Elia]
1384 5604 1444 5655 Eila
1462 5605 1496 5655 al.
1529 5605 1537 5664 ll
1570 5605 1586 5655 l.
1607 5606 1649 5654 39.
1678 5597 1815 5666 Etlrerius]

161 5701 332 5752 Hemetcrius
351 5701 386 5750 al.
