4388 6226
378 311 442 372 486
657 315 955 372 SUPPLEMENTA.
980 345 1023 355 -—-
1047 315 1162 371 CONG.
1186 315 1328 370 TOLET.
1353 345 1396 353 —
1420 313 1760 371 SUBSCRIPTIONES.

606 505 636 566 4.
676 503 745 566 EX
764 501 905 567 ACTIS
931 501 1147 567 CONOILII
1169 501 1415 566 TOLETANI
1431 501 1512 567 XII.
1539 503 1582 584 (a.
1606 505 1681 584 681,
1705 503 1803 588 Iura).

847 627 938 691 Viri
969 625 1163 691 illustres
1194 625 1337 690 officii
1366 625 1559 711 palatini.

485 749 642 815 Sesuldus
658 750 740 815 haec
763 751 920 832 instituta,
941 750 1058 837 quibus
1082 750 1224 832 interfui,
1249 773 1396 814 annuens
1412 749 1600 836 subscripsi.
1680 751 1869 816 Rcearcdus
1886 751 2035 815 similiter

377 857 566 943 subscripsi.
658 857 782 921 Witiza
812 857 959 921 similiter
989 855 1177 943 subscripsi.
1269 855 1397 921 Wimar
1427 856 1574 921 similiter
1603 855 1791 944 subscripsi.
1895 858 2034 923 Teudila

378 963 524 1028 similiter
547 962 736 1049 subscripsi.
830 963 993 1029 Ostrulfus
1017 963 1164 1028 similitor
1188 962 1375 1050 subscripsi.
1467 962 1646 1028 Salamirus
1670 964 1819 1028 similiter
1843 962 2063 1050 subscripsit

377 1070 626 1134 Theudefredus
650 1069 797 1134 similiter
821 1069 1009 1156 subscripsi.
1101 1069 1254 1155 Ildigisus
1279 1069 1426 1134 similiter
1449 1067 1639 1157 subscripsi.
1732 1071 1930 1136 Severianus
1947 1071 2033 1134 simi-

376 1176 450 1240 liter
466 1176 655 1264 subscripsi.
725 1177 929 1243 Theudulfus
949 1176 1098 1241 similiter
1112 1175 1302 1263 subscripsi.
1364 1175 1493 1241 Vitulus
1513 1177 1661 1241 similiter
1679 1177 1867 1263 subscripsi.
1937 1177 2034 1262 Egila

376 1283 524 1348 similiter
548 1281 735 1370 subscripsi.
820 1283 1002 1348 Adeliuvus
1027 1282 1173 1347 similiter
1197 1282 1384 1369 subscripsi.
1465 1281 1648 1370 Ataulphus
1672 1283 1820 1347 similiter
1843 1282 2031 1369 subscripsi.

591 1501 621 1562 5.
661 1498 730 1560 EX
749 1497 889 1562 At‘TJS
916 1497 1131 1562 OONOILII
1154 1497 1397 1561 TOLETANI
1416 1497 1516 1560 XIII.
1542 1497 1585 1580 (a.
1608 1500 1684 1578 683,
1707 1497 1815 1583 Noa).

847 1621 940 1686 Viri
970 1620 1164 1685 illustres
1195 1621 1338 1685 officii
1367 1620 1560 1707 palatini.
2051 1643 2076 1681 ro

485 1745 648 1812 Ostrulfus
672 1768 781 1810 comes
805 1745 887 1810 haec
915 1747 1071 1829 instituta,
1101 1744 1158 1810 ubi
1188 1745 1330 1827 interfui,
1362 1768 1508 1810 annuens
1539 1745 1727 1833 subscripsi.
1820 1746 2032 1812 Wadamirus

375 1875 485 1918 comes
510 1854 715 1917 scanciarum
739 1863 771 1917 et
795 1853 863 1916 dux
887 1853 1044 1916 similiter.
1130 1851 1339 1916 Reccaredus
1363 1875 1471 1916 comcs
1496 1854 1701 1916 scanciarum
1726 1863 1758 1917 et
1781 1853 1849 1917 dux
1873 1853 2029 1918 similiter.

376 1959 567 2046 Argcnrirus
592 1982 701 2024 comcs
726 1957 869 2023 cubiculi
892 1970 924 2022 ct
944 1958 1010 2022 dux
1035 1957 1191 2022 similiter.
1272 1959 1378 2044 Egica
1394 1983 1503 2024 comes
1520 1961 1723 2025 scanciarum
1741 1971 1774 2024 ct
1789 1959 1856 2024 dux
1873 1961 2030 2026 similiter.

375 2067 520 2132 Isidorus
545 2089 653 2132 eomes
677 2066 903 2130 thesaurorum
927 2077 960 2130 ct
983 2065 1051 2129 dux
1075 2064 1232 2130 similiter.
1324 2066 1494 2132 Sisebutus
1525 2089 1634 2132 comes
1664 2067 1869 2131 scanciarum
1901 2078 1933 2130 ct
1964 2067 2031 2131 dux

376 2173 533 2238 similiter.
606 2172 801 2237 Valdericus
826 2195 935 2236 comes
961 2173 1101 2236 civitatis
1126 2171 1303 2236 Toletanac
1328 2172 1486 2237 similiter.
1559 2172 1688 2236 Vitulus
1713 2195 1820 2237 comes
1844 2174 2075 2259 patrimoniis

375 2280 533 2344 similitor.
616 2278 725 2344 Cixila
748 2301 857 2343 comes
881 2280 1080 2343 notariorum
1104 2278 1259 2343 similiter.
1341 2278 1533 2344 Sunifredus
1559 2301 1667 2342 comes
1692 2280 1898 2343 scanciarmn
1915 2291 1947 2342 et
1963 2278 2030 2343 dux

376 2385 533 2451 similiter.
634 2384 886 2450 Gisclarnundus
918 2408 1026 2450 comcs
1057 2384 1174 2449 stabuli
1203 2385 1394 2449 similiter?
1452 2385 1637 2470 winangus
1668 2387 1828 2472 spatarius
1859 2396 1892 2449 ct
1922 2408 2031 2449 comes

376 2491 533 2559 similiter.
625 2491 798 2556 Aldericus
829 2493 990 2577 spatarius
1022 2502 1054 2556 et
1085 2513 1194 2555 comes
1225 2490 1380 2556 similitor.
1472 2491 1654 2556 Adeliubus
1686 2515 1795 2556 comcs
1827 2494 2031 2556 scanciarum

376 2599 532 2664 similiter.
640 2598 802 2662 Theudila
840 2622 957 2684 procer
996 2598 1153 2662 similiter.
1263 2596 1441 2663 Salamirus
1481 2621 1590 2663 comes
1629 2600 1834 2663 scanciarum
1873 2599 2030 2663 similitor.

376 2705 527 2770 Ataulfus
563 2727 671 2770 comcs
708 2703 982 2770 cubiculariorum
1018 2705 1175 2768 similiter.
1290 2703 1423 2769 Nilacus
1459 2707 1619 2792 spatarius
1656 2716 1688 2769 et
1724 2727 1833 2769 comcs
1872 2706 2030 2769 similiter.
2050 2731 2076 2770 so

377 2813 555 2877 Severinus
587 2835 695 2876 comcs
727 2813 942 2898 spatariorum
979 2811 1135 2875 similitor.
1237 2812 1427 2876 Trascricus
1462 2813 1624 2898 spatarius
1660 2823 1692 2876 et
1727 2833 1836 2876 comes
1873 2811 2030 2876 similiter.

375 2917 613 2983 Audemundus
629 2941 746 3006 procer
762 2918 918 2982 similitor.
989 2919 1153 2982 Sisimirus
1171 2919 1331 3004 spatarius
1348 2941 1456 2982 comes
1474 2929 1506 2982 ct
1522 2918 1590 2982 dux
1606 2917 1762 2982 similitor.
1832 2918 2031 2982 Trasimirns

375 3048 491 3112 procer
515 3025 672 3090 similiter.
749 3021 958 3089 Torrosarius
983 3047 1091 3088 comcs
1116 3025 1276 3110 spatarius
1301 3023 1457 3088 similiter.
1532 3023 1708 3088 Rccaulfus
1732 3046 1849 3110 procer
1872 3024 2030 3089 similiter.

604 3241 633 3302 6.
673 3238 742 3302 EX
762 3237 902 3302 Actus
929 3237 1143 3302 (IONCILII
1165 3237 1409 3302 returnar
1427 3238 1503 3302 XV.
1529 3237 1571 3321 (a.
1596 3241 1671 3318 688,
1696 3238 1803 3322 Mai).

483 3370 670 3436 Hostrulfus
696 3393 804 3434 comcs
829 3371 875 3434 ita
899 3369 1087 3456 subscripsi.
1157 3370 1286 3434 Wimar
1309 3393 1417 3435 comes
1441 3373 1486 3434 ita
1509 3371 1696 3457 subscripsi.
1767 3370 1897 3435 Vitulus
1921 3394 2030 3435 comcs
2049 3391 2075 3430 rs

375 3481 420 3543 ita
445 3478 633 3564 subscripsi.
710 3476 954 3541 Trasamundus
979 3500 1087 3541 comes
1112 3479 1157 3540 ita
1181 3477 1369 3564 subscripsi.
1434 3477 1628 3548 Valdericus
1653 3499 1761 3541 comcs
1777 3478 1824 3541 ita
1840 3476 2029 3564 subscripsi.

376 3585 514 3649 Teudila
545 3607 653 3650 comos
685 3586 730 3648 ita
760 3583 950 3670 subscripsi.
1047 3584 1164 3648 Nausti
1195 3607 1304 3648 comos
1334 3587 1379 3648 ita
1409 3582 1596 3670 subscripsi.
1694 3583 1815 3648 Cixilla
1846 3607 1956 3648 comes
1986 3586 2031 3648 ita

375 3691 567 3778 subscripsi.
661 3691 914 3755 Gisclamundus
946 3713 1055 3755 comes
1086 3691 1132 3754 ita
1162 3689 1350 3776 subscripsi.
1443 3689 1592 3754 Sisuldus
1623 3713 1732 3754 comcs
1763 3691 1809 3754 ita
1839 3688 2029 3776 subscripsi.

356 3789 553 3864 ¹Severinus
578 3821 686 3862 comcs
710 3800 755 3862 ita
779 3797 967 3884 subscripsi.
1051 3797 1163 3863 Sonna
1187 3819 1296 3861 comos
1319 3798 1365 3860 ita
1389 3795 1576 3882 subscripsi.
1660 3795 1730 3860 Ara
1753 3819 1862 3861 comcs
1886 3799 1932 3861 ita
1956 3796 2030 3862 sub-

373 3907 501 3990 scripsi.
583 3905 774 3968 Trassricus
798 3926 906 3968 comes
930 3905 975 3968 ita
999 3903 1187 3990 subscripsi.
1267 3904 1340 3989 Ego
1363 3927 1471 3966 comos
1495 3905 1541 3967 ita
1557 3902 1745 3989 subscripsi.
1826 3901 2031 3968 Suniemirus
2049 3925 2074 3963 ro

374 4035 484 4075 comes
508 4013 554 4074 ita
577 4009 765 4097 subscripsi.
857 4009 1095 4075 Audemundus
1119 4032 1228 4075 comes
1252 4011 1297 4074 ita
1321 4009 1508 4095 subscripsi.

537 4227 566 4288 l.
606 4224 675 4288 EX
695 4224 835 4289 ACTIS
862 4224 1078 4288 CONCILII
1101 4223 1346 4287 'I'OLETANI
1362 4223 1457 4290 XVI.
1484 4223 1527 4308 (a.
1551 4226 1625 4305 693,
1649 4224 1731 4310 Apr.
1757 4223 1865 4308 Mat).

901 4347 1085 4412 Comites
1116 4358 1157 4412 et
1186 4349 1269 4412 viri
1298 4346 1500 4411 illustres.

481 4472 611 4536 Vitulus
636 4474 687 4536 vir
711 4471 835 4536 illuster
859 4494 968 4536 comes
992 4473 1176 4558 patrimonii
1207 4483 1239 4535 et
1263 4471 1330 4535 dux
1360 4470 1442 4535 hacc
1473 4471 1606 4534 decreta
1636 4469 1806 4557 synodalia
1836 4469 2029 4558 subscripsi.

374 4579 503 4642 Wimar
526 4601 635 4642 comes
660 4578 849 4664 subscripsi.
942 4578 1121 4642 Teudulfus
1146 4601 1255 4642 comes
1280 4576 1467 4662 subscripsi.
1558 4577 1681 4641 Paulus
1705 4600 1813 4642 comcs
1838 4576 2029 4664 subscripsi.
2048 4599 2072 4638 ss

375 4685 597 4748 Tcodesredus
622 4707 731 4749 comes
755 4683 943 4771 subscripsi.
1036 4684 1147 4748 David
1171 4706 1280 4747 comes
1304 4681 1492 4770 subscripsi.
1575 4683 1796 4770 Requisindus
1820 4706 1930 4748 comcs
1955 4683 2029 4749 sub-

375 4792 501 4876 scripsi.
601 4791 814 4856 Siscmundus
850 4814 958 4854 comes
994 4790 1182 4877 subscripsi.
1281 4789 1355 4854 Ella
1390 4812 1497 4854 comes
1533 4789 1722 4876 subscripsi.
1813 4789 2029 4855 Teodehittus

374 4919 484 4960 comcs
508 4896 697 4983 subscripsi.
781 4897 999 4982 Bigcsuindus
1023 4919 1132 4960 comes
1157 4895 1344 4982 subscripsi.
1423 4895 1497 4982 Ega
1521 4919 1630 4960 comes
1654 4897 1842 4983 subscripsi.
1923 4895 2030 4961 Aliila

375 5025 483 5066 comos
520 5002 707 5088 subscripsi.
799 5003 922 5068 Danila
957 5026 1065 5067 comes
1101 5003 1288 5089 subscripsi.
1383 5002 1620 5068 Audemundus
1656 5026 1764 5068 comes
1799 5025 1919 5090 procer
1954 5003 2029 5068 sub-

373 5111 500 5195 scripsi.
593 5109 848 5174 Teudcmundus
873 5133 982 5174 comcs
1005 5133 1123 5197 procer
1146 5109 1334 5196 subscripsi.
2046 5133 2071 5170 so

481 5331 497 5380 t.
514 5330 554 5377 16.
574 5327 752 5378 Suuiciredus
771 5329 806 5378 at.
825 5327 833 5386 ll
852 5329 869 5378 t.
885 5331 925 5379 17.
943 5327 1106 5394 Guiliangus
1125 5331 1159 5380 al.
1178 5327 1187 5390 ll
1205 5330 1278 5380 t1s.
1297 5327 1610 5388 memonasterium
1629 5329 1663 5378 ol.
1684 5327 1693 5388 ll
1711 5329 1728 5380 1.
1742 5330 1784 5379 23.
1798 5328 1975 5379 Torresarius
1993 5330 2028 5380 at.
