4372 6254
801 224 955 282 CODICIS
980 226 1183 283 EURICIANI
1206 226 1450 284 FRAGMENTA
1475 227 1549 282 321.
1576 226 1649 282 322.

692 435 696 440 ’
757 413 825 478 filia
848 414 999 478 maritum
1023 415 1200 499 acceperit,
1226 415 1333 478 statim
1358 425 1493 501 epatre

757 519 798 584 de
821 519 920 585 rebus
945 521 1101 584 maternis
1125 543 1217 585 suam
1241 522 1378 607 recipiat
1399 522 1591 608 portionem,

758 628 804 691 ita
828 638 863 691 ut
886 627 1127 692 usufructuaria
1151 629 1236 714 patri
1259 629 1354 692 tertia
1378 627 1516 692 derelin-

757 745 884 820 quatur.
930 735 1183 798 Pater1autem
1208 745 1273 798 tarn
1297 734 1363 798 tilio
1387 757 1484 821 quarn
1509 733 1605 814 filiae,

758 864 831 904 eum
855 855 906 904 XX
930 863 1032 905 anuos
1056 842 1172 905 aetatis
1197 841 1390 927 impleverit,
1415 840 1556 904 mediam

757 970 799 1012 ex
823 947 948 1030 eadem,
974 971 1071 1034 quam
1095 970 1358 1034 unumquemque
1383 949 1542 1033 contingit

758 1053 811 1142 [de
834 1053 932 1120 rebus
957 1055 1123 1137 maternis,
1148 1057 1296 1119 restituat
1319 1053 1524 1142 portioneml,

758 1160 868 1249 [etiarn
892 1163 920 1225 si
943 1161 1039 1226 nullis
1064 1162 1185 1226 fuerint
1208 1163 1329 1248 nuptiis
1354 1161 1520 1250 enpulatil.

759 1267 982 1356 [Medietatem
1006 1290 1085 1333 vere
1109 1268 1186 1332 dum
1211 1268 1376 1333 advixerit
1397 1281 1492 1354 pater
1515 1267 1589 1356 sibi]

760 1373 927 1462 [vindicet
951 1374 1026 1438 filiis
1049 1386 1123 1461 post
1147 1374 1270 1440 ebitum
1294 1375 1564 1464 relinquendam].

760 1479 837 1569 [Qui
861 1489 970 1546 autem
992 1503 1169 1546 novercam
1193 1481 1431 1568 superduxerit,
1456 1481 1579 1570 omues]

759 1588 941 1678 [facultates
965 1599 1128 1654 maternas
1152 1588 1226 1652 filiis
1250 1611 1327 1653 mex
1350 1588 1532 1678 referrnet];

485 1723 691 1774 stauarum.
759 1718 811 1778 ne,
836 1695 914 1760 dum
937 1695 994 1760 filii
1019 1718 1093 1760 eum
1115 1694 1214 1759 rebus
1238 1695 1280 1759 ad
1305 1694 1433 1760 demum
1458 1707 1628 1760 transeunt

755 1803 905 1884 alienam,
929 1823 1092 1866 novercae
1116 1824 1194 1866 suae
1218 1813 1380 1866 vexentur
1402 1802 1527 1866 iniuriis
1538 1808 1559 1870 ².
1606 1803 1669 1866 Ea-

756 1908 831 1974 dem
855 1931 985 1996 queque
1010 1907 1050 1973 de
1074 1907 1248 1994 nepotibus
1272 1909 1376 1972 ferma
1400 1921 1558 1974 servetur.

688 2085 888 2152 cccxxii.
935 2086 1051 2169 Mater,
1076 2087 1161 2151 siin
1184 2086 1343 2152 viduitate
1367 2089 1555 2174 permansit,
1580 2111 1698 2174 aequa·
1754 2115 1962 2164 :raanan

753 2194 817 2258 lem
841 2195 926 2258 inter
949 2193 1032 2258 filios
1057 2216 1142 2276 sues,
1167 2193 1274 2258 idest
1298 2194 1426 2280 qualem
1450 2217 1534 2258 unus
1559 2217 1601 2258 ex
1624 2195 1659 2258 fi-

752 2300 816 2382 liis,
841 2300 1114 2365 usufructuariam
1137 2299 1258 2364 habeat
1279 2301 1479 2387 portionem3
1505 2325 1599 2388 quam

751 2429 854 2494 usque
879 2407 921 2472 ad
944 2419 1072 2494 tempus
1095 2408 1182 2472 vitae
1207 2430 1284 2472 suae
1309 2408 1548 2473 usufructuario

752 2517 822 2579 iure
847 2514 1021 2600 possideat,
1047 2526 1192 2579 ceterum
1215 2537 1276 2580 nee
1302 2514 1423 2579 donare
1447 2538 1508 2580 nee

752 2621 896 2686 vendere
920 2643 981 2686 nee
1005 2621 1061 2684 uni
1086 2643 1128 2684 ex
1151 2621 1225 2685 filiis
1250 2622 1398 2686 conferre

751 2733 968 2815 praesumatl.
1017 2726 1115 2808 Quod
1138 2729 1165 2792 si
1189 2750 1260 2792 eam
1285 2727 1343 2792 lilii
1366 2729 1451 2794 hane
1474 2731 1593 2816 portie-

750 2859 825 2900 uem
849 2836 961 2900 matris
987 2843 1158 2913 (evertere)
1184 2836 1253 2899 sive
1277 2858 1336 2922 per
1359 2835 1591 2922 negligentium
1616 2838 1684 2900 sive

390 3077 518 3132 maritum
542 3078 698 3148 acceperit,
723 3078 829 3132 istatim
853 3096 870 3132 a
893 3083 975 3149 patre
1000 3077 1036 3132 de
1060 3078 1146 3132 rebus
1169 3077 1304 3132 maternis
1321 3095 1398 3131 suam
1413 3077 1533 3148 recipiat
1549 3079 1715 3149 portionem,
1732 3077 1774 3132 ita
1789 3085 1820 3130 ut
1837 3077 2045 3134 usufructuario

391 3182 452 3238 iure
474 3185 547 3254 patri
572 3185 659 3239 tertia
681 3184 868 3256 relinquatur.
916 3185 1004 3238 Pater
1027 3191 1121 3238 autern
1145 3191 1202 3238 tam
1225 3183 1282 3238 filio
1307 3201 1389 3255 quam
1413 3183 1482 3251 filie,
1503 3203 1564 3238 eum
1581 3185 1637 3238 XX
1654 3203 1741 3239 anuos
1758 3185 1843 3238 etatis
1859 3184 2042 3254 inpleverint,
2061 3197 2087 3236 at

391 3291 509 3346 mediam
535 3309 569 3346 ex
594 3293 705 3359 eadem,
730 3310 814 3363 quam
837 3309 1066 3362 unumquemque
1091 3291 1242 3366 eontiyerit
1259 3292 1294 3344 de
1311 3291 1396 3345 rebus
1412 3292 1557 3358 maternis,
1581 3291 1714 3346 restituat
1729 3292 1897 3362 portionem,
1919 3292 2004 3346 etiarn
2020 3293 2042 3346 si

390 3396 474 3450 nullis
498 3397 604 3452 fuerint
634 3399 740 3469 nuptiis
765 3399 899 3469 copulati.
946 3399 1134 3453 Medietatem
1157 3415 1224 3452 vero
1255 3399 1320 3451 dum
1352 3397 1489 3452 advixerit
1518 3405 1602 3469 pater
1632 3399 1686 3453 sibi
1716 3399 1852 3466 vindicet,
1883 3397 1948 3451 filiis
1978 3407 2042 3470 post

390 3505 497 3558 obitum
526 3505 750 3575 relinquendam.
798 3503 854 3568 Qui
885 3513 979 3560 autem
1009 3521 1158 3559 novercam
1182 3505 1392 3574 superduxerit,
1423 3523 1520 3560 omues
1543 3504 1696 3561 facultates
1719 3513 1861 3560 maternas
1884 3503 1950 3566 liliis
1980 3525 2041 3560 mex

390 3611 541 3678 reformet3
567 3631 613 3680 ne,
639 3612 704 3666 dum
728 3611 778 3666 filii
803 3631 866 3667 eum
889 3613 974 3666 rebus
998 3612 1055 3665 suis
1071 3611 1107 3665 ad
1124 3611 1235 3666 domum
1250 3617 1399 3666 transeunt
1415 3612 1546 3680 alienam,
1564 3631 1683 3667 noveree
1701 3631 1751 3668 sue
1769 3619 1908 3668 vexentur
1923 3613 2039 3667 iniuriis.

390 3719 498 3772 Eadem
522 3737 633 3789 (litoque
659 3726 684 3774 et
707 3720 742 3773 de
767 3719 920 3790 nepotibus
943 3718 1032 3774 forma
1054 3724 1193 3774 servetur.
1243 3715 1329 3780 Quod
1349 3717 1374 3772 si
1390 3725 1479 3792 pater
1503 3763 1509 3774 .
1536 3762 1542 3774 .
1569 3762 1575 3774 .
1602 3762 1607 3773 .
2057 3748 2082 3788 ω

435 3894 605 3950 CCCXXII.
655 3896 689 3952 L.
718 3895 774 3951 Vis.
799 3895 853 3965 IV,
880 3895 908 3965 2,
937 3895 992 3950 14:
1028 3896 1131 3962 Mater,
1163 3897 1186 3951 si
1287 3895 1321 3950 L.
1339 3894 1406 3950 Bai.
1428 3894 1476 3965 15,
1496 3897 1528 3951 l:
1555 3895 1600 3952 De
1615 3895 1713 3952 viduis.
1751 3894 1833 3960 Quae
1843 3903 1911 3970 pest
1925 3903 2038 3952 mertem

389 4003 417 4056 in
447 4003 587 4058 viduitate
618 4005 816 4074 permanserit,
850 4003 980 4074 equalem
1010 4004 1086 4058 inter
1114 4001 1186 4058 filios
1241 4001 1337 4058 mariti
1359 4003 1382 4056 si
1401 4003 1430 4057 in
1447 4004 1585 4059 viduitate
1610 4011 1768 4076 perureret,
1793 4004 1941 4075 aequalem
1965 4005 2040 4059 inter

388 4127 463 4176 sues,
487 4110 516 4163 id
541 4118 584 4164 est
609 4110 723 4180 qualem
746 4108 935 4184 unusquisque
958 4129 993 4165 ex
1016 4109 1091 4176 filiis,
1119 4128 1185 4164 usu·
1240 4107 1312 4164 filios
1336 4128 1410 4178 suos,
1435 4111 1463 4164 id
1489 4119 1534 4165 est
1558 4112 1671 4182 qualem
1698 4129 1770 4165 unus
1801 4129 1836 4166 ex
1865 4110 1939 4178 liliis,
1971 4129 2037 4165 usu-

388 4216 570 4271 fructuarium
583 4217 617 4272 de
626 4217 771 4288 facultate
782 4215 879 4272 meriti
893 4217 999 4272 habeat
1013 4218 1185 4287 portionem,
1241 4217 1423 4271 fructuariam
1445 4217 1551 4272 habeat
1575 4219 1742 4288 portionem,
1768 4236 1856 4289 usque
1873 4219 1909 4272 ad
1926 4224 2038 4289 tempus

389 4341 472 4393 quarn
494 4341 585 4394 usque
610 4325 646 4378 ad
671 4329 783 4394 tempus
807 4324 865 4379 vite
897 4342 946 4378 sue
978 4323 1185 4378 usufructuario
1241 4325 1316 4379 vitae
1341 4342 1408 4380 suae
1432 4324 1641 4380 usufructuario
1664 4326 1724 4380 iure
1747 4325 1903 4396 possideat.
2056 4339 2081 4382 st

387 4430 447 4484 iure
471 4431 627 4500 possident,
652 4437 779 4484 ceterum
803 4449 856 4485 uec
878 4431 982 4485 donare
1000 4449 1053 4485 uee
1069 4431 1186 4485 vindere

387 4554 440 4591 nee
464 4537 512 4589 uni
537 4555 571 4591 ex
594 4535 658 4590 filiis
689 4537 817 4592 conferre
848 4545 1003 4607 presumat.
1051 4535 1134 4599 Quod
1164 4537 1187 4590 si

387 4660 450 4698 eam
474 4642 524 4696 filii
547 4644 704 4714 portionem
728 4642 818 4717 iqrsatu
843 4650 956 4698 matrem
982 4651 1112 4698 evertere
1136 4662 1187 4698 seu

386 4767 439 4820 per
473 4750 681 4821 neclegentiam
717 4750 776 4804 sive
811 4768 864 4821 per
893 4751 987 4804 edium
1016 4749 1090 4804 forte
1121 4768 1186 4821 pre-

387 4887 468 4894 ,-.-.-.-
480 4889 498 4893 -,.
516 4889 526 4892 -
536 4889 579 4892 m--
590 4887 675 4892 ...m-.--

493 4975 650 5026 cccxxn.
687 4977 704 5025 l.
725 4979 766 5026 21.
794 4977 916 5026 conferre
936 4993 1001 5042 prue
1022 4978 1145 5027 conferre
1165 4981 1322 5042 praesumat
1340 4994 1361 5026 c.
1384 4974 1393 5036 ll
1416 4978 1432 5027 l.
1447 4981 1488 5028 22.
1509 4972 1579 5040 earn]
1601 4979 1683 5028 iidem
1698 4977 1747 5035 K.,·
1762 4977 1833 5027 laud
1845 4978 1924 5042 phane
1937 4979 2035 5043 lwttur.
2055 4985 2081 5023 to

496 5158 524 5226 1)
550 5158 670 5233 Senepta
692 5166 757 5214 seret
773 5158 841 5214 duee
857 5178 892 5215 ea:
908 5157 969 5214 itae
985 5159 1132 5227 Burrenum
1156 5159 1197 5230 cs.
1215 5158 1286 5216 Nee.
1302 5159 1411 5215 Valent.
1429 5159 1485 5215 III.
1505 5159 1555 5228 34,
1572 5165 1587 5224 ἓ
1607 5159 1655 5215 10.
1674 5179 1696 5215 c.
1714 5158 1839 5234 Interpr.
1857 5168 1883 5216 et
1899 5159 1934 5215 L.
1951 5161 2033 5217 Rene.

385 5265 476 5340 Bury.
503 5265 553 5321 26.
647 5265 676 5335 2)
704 5263 752 5336 Os.
777 5265 861 5336 insra
884 5265 926 5320 ud
947 5266 982 5321 L.
1003 5264 1058 5321 Vas.
1072 5263 1126 5334 IV,
1144 5264 1173 5334 2,
1194 5265 1243 5321 13.
1337 5263 1367 5338 3>
1393 5264 1441 5336 Cf.
1466 5265 1538 5341 Neu,
1565 5265 1662 5322 Seueri
1688 5267 1721 5320 l:
1754 5273 1818 5338 post
1849 5268 1899 5321 uiri
1927 5268 2036 5323 ebitum

385 5373 525 5444 sponsalia
548 5375 576 5427 in
600 5373 802 5428 usumfructum
826 5379 936 5426 tantum
965 5380 1056 5427 mater
1084 5372 1190 5427 habeat
1219 5379 1248 5428 et
1272 5391 1288 5427 a
1311 5371 1374 5427 filiis
1399 5373 1521 5428 alienare
1550 5392 1605 5428 nou
1628 5373 1718 5444 pessit
1743 5414 1750 5426 .
1776 5415 1783 5428 .
1810 5415 1817 5428 .
1842 5375 1969 5428 erunibus
2000 5392 2035 5429 ex

385 5482 484 5536 eodem
516 5481 690 5535 matrimonio
722 5479 786 5533 filiis
818 5497 852 5534 ex
883 5498 974 5550 aequo
1005 5481 1162 5534 eommunia
1190 5480 1219 5533 in
1249 5498 1334 5533 unum
1364 5487 1413 5534 aut
1443 5480 1563 5534 alterum
1592 5481 1675 5534 matri
1704 5453 1833 5535 conferre
1857 5499 1913 5535 nen
1936 5481 2033 5538 liceat.

384 5585 527 5661 interea:
551 5589 612 5644 Nee
634 5587 720 5642 lieeat
741 5586 823 5640 matri
839 5587 885 5641 eui
908 5586 1028 5640 veluerit
1052 5587 1088 5641 de
1113 5585 1177 5640 filiis
1200 5585 1306 5656 aliquid
1331 5587 1432 5642 exinde
1456 5588 1574 5658 amplius
1598 5606 1648 5658 pro
1672 5605 1723 5642 sua
1745 5587 1892 5643 voluntate
1917 5589 2032 5644 donare.
2052 5604 2080 5643 ta
