4448 6226
660 350 740 404 LEX
762 347 1067 406 VISIGOTHORUM
1089 349 1158 416 XII,
1177 349 1206 418 3,
1226 349 1276 405 15.
1735 342 1800 406 445

144 544 231 614 mul
259 547 387 600 nostros
410 557 470 622 per
492 557 625 599 manum
647 534 724 599 Iesu
747 534 840 599 Nave
864 534 1013 600 Iordanis
1037 535 1172 600 fluvium
1195 536 1333 600 transire
1357 536 1461 616 iussit,
1486 545 1519 600 et
1542 545 1577 600 ut
1599 550 1650 600 x11
1673 534 1799 622 lapides
1818 543 1984 617 xll,8,15.

145 641 185 706 de
210 640 324 706 eodem
348 639 448 706 fluvio
472 643 507 704 in
529 641 750 706 testimonium
774 640 972 723 tollerentur,
996 642 1144 706 instituit.
1183 642 1259 706 Iuro
1282 664 1450 728 pereum,
1475 643 1531 728 qui
1547 643 1635 706 omni
1651 641 1799 724 Israheli,

143 757 179 812 ut
212 748 348 812 transito
384 746 500 812 eodem
529 746 678 812 Iordanis
707 745 808 811 fluvio
838 745 976 833 lapideis
1008 747 1119 812 cultris
1150 746 1452 830 circumcideretur,
1483 749 1646 835 precepit,
1680 758 1713 813 et
1741 771 1801 834 per

144 875 228 936 eum,
253 855 309 940 qui
332 875 442 917 muros
464 851 622 918 Hiericho
647 853 788 917 civitatis
819 851 989 918 subvertit.
1041 853 1117 918 Iuro
1147 877 1207 940 per
1236 877 1321 936 eum,
1353 855 1410 940 qui
1432 853 1543 918 David
1573 856 1666 940 regni
1696 853 1801 940 gloria

112 960 314 1030 sdecoravit
336 969 369 1024 et
391 959 432 1024 de
456 981 554 1024 manu
578 958 658 1024 Saul
679 957 732 1023 vel
755 958 814 1022 filii
837 960 887 1023 sui
910 958 1085 1024 Absalonis
1110 983 1183 1026 eum
1208 961 1335 1047 cripuit.
1382 961 1459 1025 Iuro
1483 983 1649 1047 pereum,
1678 962 1734 1047 qui
1758 961 1800 1025 ad

144 1067 324 1131 orationem
356 1064 539 1131 Salomonis
569 1064 689 1130 nebula
718 1065 874 1152 templum
905 1065 1045 1152 replevit
1075 1076 1108 1130 et
1138 1089 1230 1132 suam
1260 1067 1342 1131 inibi
1372 1066 1635 1131 benedictionem
1670 1066 1798 1132 infudit.

143 1172 218 1238 Inro
252 1194 313 1259 per
347 1195 438 1254 eum,
478 1172 534 1257 qui
568 1169 700 1234 Heliam
733 1170 927 1257 prophetam
962 1195 1021 1258 per
1055 1172 1217 1238 turbinem
1252 1175 1287 1236 in
1321 1196 1451 1238 currum
1485 1175 1617 1259 igneum
1657 1197 1676 1238 a
1713 1185 1801 1238 terra

144 1277 319 1344 sublevans
343 1277 485 1344 celorum
517 1276 649 1342 sedibus
679 1277 796 1342 intulit.
849 1278 894 1342 Et
923 1301 983 1364 per
1013 1301 1097 1361 eum,
1129 1281 1184 1365 qui
1214 1278 1256 1343 ad
1287 1281 1465 1344 orationem
1490 1279 1615 1344 Helisei
1645 1303 1799 1366 percusso

143 1385 241 1472 pallio
271 1384 367 1450 Helie
398 1406 500 1470 aquas
530 1383 679 1448 Iordanis
711 1383 832 1447 divisit.
884 1384 959 1448 Iuro
990 1407 1050 1471 per
1080 1407 1171 1466 eum,
1203 1387 1258 1472 qui
1289 1408 1401 1450 omnes
1432 1409 1507 1450 suos
1537 1386 1712 1472 prophetas
1742 1410 1799 1452 suo

99 1521 125 1562 10
144 1503 255 1556 saneto
280 1491 404 1577 Spiritu
427 1491 567 1576 replevit
596 1500 629 1555 et
658 1492 713 1577 qui
736 1489 933 1554 Danihelem
958 1513 978 1554 a
1000 1489 1124 1555 rabidis
1148 1502 1180 1556 et
1203 1493 1435 1556 inmanissimis
1459 1490 1607 1558 leonibus
1638 1493 1798 1558 liberavit.

143 1599 218 1663 Iurc
241 1620 409 1684 pereum,
434 1598 490 1682 qui
513 1607 579 1661 tres
602 1618 721 1683 pueros
745 1597 779 1660 in
803 1597 930 1661 camino
954 1597 1040 1682 ignis
1064 1597 1208 1662 ardentis
1240 1598 1300 1662 sub
1333 1597 1434 1663 oculis
1466 1600 1553 1684 regis
1584 1599 1694 1664 infesti
1725 1621 1798 1664 oon-

143 1727 273 1769 servare
298 1703 451 1789 dignatus
475 1713 534 1785 est,
559 1703 759 1790 ι1111111111
783 1702 910 1767 clavem
925 1702 1037 1767 David
1062 1715 1094 1769 et
1118 1703 1250 1786 claudit,
1275 1703 1363 1791 quod
1388 1727 1483 1769 nemo
1503 1706 1618 1792 aperit,
1636 1715 1669 1770 et
1684 1707 1798 1792 aperit,

144 1809 230 1897 quod
264 1833 360 1876 nemo
392 1808 534 1874 claudit’.
591 1809 669 1874 Iuro
699 1831 759 1894 per
789 1831 880 1891 eum,
919 1811 975 1895 qui
1005 1811 1114 1875 omnia
1144 1809 1308 1875 mirabilia
1340 1822 1372 1876 et
1402 1812 1537 1876 virtutes
1568 1822 1601 1876 et
1635 1813 1730 1897 signa
1766 1813 1799 1876 in

143 1915 263 2004 populo
278 1915 481 1980 Israhelitico
505 1915 558 1980 vel
582 1917 616 1980 in
640 1914 711 1979 aliis
735 1914 887 2002 gentibue
911 1916 998 1980 iecit.
1037 1916 1113 1981 Iuro
1139 1926 1171 1981 et
1194 1940 1253 2004 per
1276 1941 1370 1983 sacra
1394 1918 1510 1982 decem
1532 1917 1614 2004 legis
1630 1928 1797 2004 precepta.

99 2053 125 2093 ss
146 2024 221 2088 lure
246 2033 278 2088 et
301 2045 361 2110 per
382 2023 491 2087 Iesum
511 2021 686 2102 Christum,
710 2021 812 2086 filium
835 2021 902 2086 Dei
925 2025 1036 2108 patris,
1062 2033 1274 2110 sanctumque
1297 2025 1465 2111 Spiritum,
1490 2026 1546 2111 qui
1570 2035 1619 2090 est
1641 2025 1798 2089 1111111-

132 2141 208 2206 ,tate
232 2153 315 2195 unus
339 2138 372 2194 et
394 2151 492 2193 verus
516 2128 618 2210 Deus,
650 2139 682 2192 et
705 2138 851 2193 sanctam
878 2130 1148 2194 resurrectionem
1173 2130 1307 2194 Domini
1338 2133 1439 2196 nostri
1463 2131 1539 2196 Iesu
1563 2130 1684 2196 Christi
1715 2133 1797 2196 eius-

143 2259 206 2323 que
230 2236 273 2301 ad
296 2235 383 2302 celos
407 2235 655 2301 adscensionem
680 2246 713 2299 et
734 2233 911 2321 gloriosum
935 2258 975 2299 ac
999 2235 1175 2300 terribilem
1200 2238 1269 2301 eius
1294 2238 1480 2320 adventurn,
1504 2239 1539 2301 in
1563 2261 1626 2324 quo
1642 2249 1798 2302 venturus

143 2354 192 2408 est
221 2343 367 2408 iudicare
398 2343 492 2407 vivos
524 2351 556 2406 et
585 2351 745 2425 mortuos,
775 2342 862 2405 mitis
893 2364 1054 2428 apparens
1085 2344 1195 2425 iustis,
1231 2343 1385 2408 terribilis
1416 2354 1524 2409 autem
1554 2345 1668 2431 inpiis3
1700 2355 1798 2431 atque

143 2451 213 2515 eius
242 2449 465 2514 venerandum
496 2470 613 2534 corpus
644 2459 676 2512 et
705 2449 884 2534 pretiosum
915 2449 983 2512 eius
1014 2451 1216 2535 sanguinem,
1253 2452 1309 2537 qui
1340 2472 1492 2516 cecorum
1519 2451 1629 2515 oculos
1659 2451 1797 2537 aperuit,

97 2585 124 2625 so
143 2555 257 2621 surdos
281 2555 394 2620 audire
418 2555 507 2637 fecit,
530 2554 718 2641 paraliticos
742 2554 784 2618 ad
808 2577 867 2618 sua
889 2554 1036 2619 membra
1059 2555 1200 2620 reduxit.
1242 2555 1307 2636 Qui
1330 2556 1459 2642 linguas
1476 2567 1637 2621 mutorum
1654 2557 1797 2638 resolvit,

144 2663 294 2727 demonio
323 2672 461 2726 vexatos
491 2662 635 2743 sanavit,
671 2659 804 2724 claudos
840 2681 969 2725 currere
1005 2661 1083 2726 fecit
1118 2672 1150 2727 et
1179 2672 1322 2727 mortuos
1360 2665 1537 2728 suscitavit.
1600 2663 1666 2744 Qui
1701 2685 1800 2749 super

144 2790 246 2855 aquas
268 2766 408 2855 pedihus
432 2766 612 2832 ambulavit
635 2775 668 2830 et
689 2765 852 2831 Lazarum
875 2776 978 2831 morte
1002 2767 1189 2851 resolutum,
1222 2791 1296 2833 cum
1319 2770 1385 2834 iam
1408 2771 1442 2833 in
1466 2769 1639 2855 putredine
1664 2792 1698 2834 se
1723 2791 1798 2834 caro

144 2874 303 2957 solvisset,
331 2875 398 2938 vite
430 2895 469 2938 ac
500 2872 596 2938 saluti
625 2874 767 2937 restituit
797 2883 829 2937 et
859 2875 893 2936 in
922 2873 1078 2959 gaudium
1107 2874 1285 2939 lamentum
1316 2877 1463 2940 mutavit.
1519 2875 1584 2957 Qui
1615 2887 1666 2940 est
1682 2875 1800 2940 ‘factor

144 2980 255 3064 seculi,
279 2980 361 3045 lucis
384 2981 591 3067 principium,
621 2979 733 3044 salutis
757 2990 879 3044 auctor.
927 2979 993 3060 Qui
1023 2981 1179 3045 mundum
1210 2991 1282 3046 ortu
1312 3003 1370 3046 suo
1400 2981 1616 3064 inluminavit,
1647 2983 1799 3069 passione

98 3110 203 3156 sesua
226 3087 371 3152 redemit.
420 3086 485 3167 Qui
509 3085 595 3150 solus
619 3085 869 3150 intermortuos
893 3084 976 3150 liber
1006 3086 1067 3152 fuit
1098 3097 1130 3151 et
1161 3109 1181 3152 a
1210 3099 1312 3152 morte
1344 3089 1449 3152 teneri
1479 3111 1545 3152 non
1571 3089 1686 3175 potuit.
1734 3087 1799 3176 Qui

143 3205 285 3259 tartarea
315 3192 458 3258 claustra
488 3193 677 3258 comminuit
714 3200 747 3256 et
781 3191 821 3256 de
852 3192 979 3256 inferno
1009 3191 1180 3257 beatorum
1210 3195 1335 3258 animas
1366 3195 1510 3280 potentie
1541 3217 1598 3259 suc
1629 3197 1799 3260 maiestate

144 3301 271 3386 eripuit.
319 3298 383 3380 Qui
408 3298 539 3364 devicta
561 3307 665 3363 morte
689 3319 831 3380 carnem,
864 3321 961 3384 quarn
992 3321 1012 3362 a
1041 3301 1135 3363 terris
1166 3302 1351 3387 assumpsit,
1382 3302 1417 3364 in
1448 3299 1553 3364 celum
1583 3310 1657 3387 post
1686 3300 1800 3368 mundi

143 3407 314 3472 victoriam
345 3405 541 3491 deportavit,
573 3403 690 3468 sedens
721 3402 764 3468 ad
793 3403 962 3469 dexteram
986 3404 1053 3469 Dei
1081 3406 1182 3490 patris
1215 3407 1454 3493 omnipotentis,
1491 3408 1656 3494 accipiens
1687 3406 1729 3471 ab
1760 3429 1799 3471 eo

144 3512 247 3578 eterni
281 3513 374 3598 regni
410 3520 614 3598 potestatem.
671 3510 747 3574 Iuro
783 3510 880 3574 etiam
916 3522 948 3574 et
981 3533 1041 3597 per
1080 3533 1192 3576 ornnes
1235 3511 1372 3576 celestes
1411 3513 1548 3577 virtutes
1591 3513 1798 3599 omniumque

99 3647 126 3687 so
144 3629 329 3684 sanctorum
365 3627 397 3682 et
431 3615 652 3704 apostolorum
686 3614 857 3703 reliquias,
901 3617 970 3681 sive
1005 3629 1038 3682 et
1071 3640 1130 3704 per
1166 3629 1279 3682 sancta
1314 3628 1465 3704 quattuor
1504 3618 1692 3704 evangelia,
1736 3641 1798 3704 que

144 3726 357 3813 superpositis
381 3724 431 3788 his
456 3721 696 3789 conditionibus
719 3724 753 3786 in
778 3736 985 3789 sacrosancto
1010 3723 1124 3789 altario
1157 3725 1261 3788 sancti
1291 3723 1388 3808 illius,
1420 3723 1507 3811 quod
1537 3723 1687 3788 manibus
1717 3725 1799 3788 meis

145 3833 295 3897 contineo
320 3829 373 3896 vel
397 3832 569 3917 contingo:
598 3829 676 3916 quia
699 3829 817 3911 omnia,
843 3851 1046 3916 quecumque
1077 3831 1112 3894 in
1141 3830 1343 3917 professione
1373 3853 1447 3895 mea
1477 3830 1657 3895 renotanda
1686 3830 1799 3894 curavi

251 4032 317 4092 XII,
337 4033 361 4091 3,
383 4033 423 4081 15.
462 4031 478 4082 1.
493 4033 518 4081 2.
541 4024 670 4093 instituit]
690 4031 833 4081 constitnit
852 4030 908 4080 Vs.
929 4031 953 4079 8.
975 4033 1015 4080 10.
1038 4030 1169 4080 1511111.
1195 4029 1204 4090 ll
1230 4032 1285 4080 ae.
1306 4030 1402 4080 eodem
1421 4030 1545 4081 Iordanis
1564 4025 1658 4092 fluvio]
1681 4030 1798 4080 Iordane

145 4120 213 4170 Pitlr.
252 4120 512 4171 circumciderentur
531 4118 599 4169 Pia.
637 4124 664 4168 et
682 4113 739 4183 per]
760 4119 826 4169 lure
846 4134 895 4184 per
913 4118 986 4168 llud.
1013 4117 1021 4176 ll
1048 4119 1103 4169 14.
1127 4119 1236 4169 iberico
1256 4120 1313 4170 Vi.
1351 4113 1439 4184 regni]
1461 4135 1551 4184 regern
1571 4119 1646 4170 120.
1683 4117 1799 4183 gloriam

98 4223 125 4264 so
145 4209 211 4260 Pia.
244 4207 253 4269 ll
285 4210 302 4260 1.
322 4210 346 4259 0.
372 4203 452 4270 inibi]
471 4208 573 4258 ibidem
592 4207 664 4257 Mad.
700 4201 811 4271 infudit]
831 4207 903 4256 fudit
921 4207 991 4257 11111.
1025 4205 1034 4268 ll
1066 4209 1082 4258 l.
1099 4209 1122 4259 1.
1148 4225 1165 4257 a
1183 4203 1266 4271 terra]
1287 4224 1301 4258 e
1320 4213 1392 4258 terra
1411 4207 1483 4258 11111.
1515 4206 1524 4268 ll
1556 4208 1572 4258 1.
1593 4209 1617 4257 8.
1643 4201 1799 4270 sublevans]

143 4298 299 4349 sublevavit
318 4296 381 4348 ΕΙ.
401 4297 465 4359 1781
485 4294 640 4348 sublevavit
659 4303 686 4346 et
705 4295 774 4346 rau.
821 4291 950 4359 colonam]
970 4295 1075 4362 gloriae
1096 4296 1167 4346 llud.
1214 4290 1257 4360 ad]
1276 4313 1325 4362 per
1350 4296 1412 4346 Vl.
1445 4293 1454 4354 ]Ι
1486 4297 1503 4346 l.
1523 4298 1547 4346 9.
1577 4296 1799 4361 1111111111,

143 4389 190 4454 qui
217 4401 310 4438 omnes
331 4410 362 4420 -
383 4385 509 4436 leonibus
535 4384 662 4434 liberavit
685 4385 736 4435 des.
762 4384 834 4434 111111,
866 4381 875 4444 ll
908 4385 924 4435 1.
946 4386 986 4434 10.
1015 4383 1157 4436 Danielem
1177 4385 1240 4446 1⁷53
1266 4383 1413 4435 Danielum
1438 4384 1501 4434 VS.
1557 4384 1658 4448 rapidis
1685 4384 1748 4434 Vs.
1774 4386 1798 4434 8.

143 4477 159 4527 l.
182 4477 222 4526 12.
251 4476 324 4540 quod
342 4490 422 4525 nemo
443 4467 541 4539 aperit]
569 4485 596 4524 et
615 4489 695 4523 nemo
714 4491 738 4524 a.
758 4473 821 4523 ΕΙ.
854 4473 862 4534 ll
894 4475 974 4525 111.
998 4474 1106 4522 virtutis
1127 4472 1189 4522 ΕΙ.
1221 4471 1230 4532 Ι]
1262 4473 1278 4523 1.
1301 4475 1340 4524 14.
1369 4474 1436 4524 Iuro
1457 4468 1493 4536 et]
1520 4473 1584 4523 Iure
1610 4488 1659 4538 per
1685 4487 1747 4523 eum
1773 4481 1801 4522 et

144 4563 215 4614 11111.
270 4579 349 4614 sacra
375 4557 480 4625 decem]
508 4578 587 4613 sacra
612 4562 636 4610 X
662 4563 747 4612 verba
771 4561 796 4610 V
812 4565 841 4624 l;
868 4578 946 4612 sacra
965 4563 1050 4613 verba
1069 4562 1126 4612 VS.
1158 4561 1167 4620 ]Ι
1199 4563 1216 4612 1.
1238 4564 1279 4612 15.
1307 4559 1402 4627 patris]
1426 4563 1621 4627 omnipotentis
1647 4561 1707 4612 add.
1727 4561 1798 4611 irad.

97 4667 125 4706 so
144 4647 282 4720 Spiritum]
307 4651 475 4703 Paraclitum
499 4651 560 4702 add.
587 4650 658 4700 11111.
690 4648 699 4709 ll
731 4652 748 4702 1.
770 4652 810 4701 16.
839 4657 959 4702 sanctam
984 4651 1050 4702 cheat
1076 4650 1143 4700 Pitd.
1176 4650 1184 4710 1]
1217 4652 1233 4701 1.
1254 4653 1295 4702 11.
1324 4650 1445 4701 terribile
1468 4649 1496 4700 Ε
1509 4654 1532 4701 1.
1566 4651 1574 4711 ll
1606 4651 1622 4701 1.
1644 4651 1685 4700 18.
1714 4644 1797 4713 mitis]

143 4741 396 4792 scatinavia.
429 4739 437 4800 Ι]
469 4741 486 4790 1.
508 4741 549 4790 19.
578 4741 637 4790 eius
656 4734 743 4804 sang.]
764 4741 822 4790 eius
841 4739 907 4790 deest
925 4739 996 4788 111111.
1029 4737 1038 4798 1]
1070 4740 1087 4790 1.
1107 4741 1150 4790 20.
1178 4735 1286 4804 surdos]
1306 4740 1401 4790 sordes
1421 4738 1484 4790 ΕΙ.
1516 4737 1525 4799 Ι]
1557 4739 1574 4790 1.
1594 4741 1636 4789 21.
1665 4740 1799 4790 duemone

149 4830 224 4881 Vlh.
256 4827 265 4889 ll
297 4831 314 4881 1.
334 4831 377 4880 22.
405 4831 433 4880 11
452 4823 535 4895 puts]
554 4829 582 4878 in
601 4828 667 4879 dccet
684 4823 756 4878 Pitb.
811 4829 973 4894 putridinem
1000 4827 1067 4878 El.
1100 4825 1108 4887 ll
1140 4829 1157 4877 1.
1178 4830 1220 4878 23.
1243 4829 1298 4878 vite
1318 4844 1350 4878 ac
1370 4823 1462 4892 saluti]
1482 4829 1619 4878 viventem
1639 4843 1699 4876 eum
1718 4825 1799 4876 saluti

143 4919 214 4970 111111.
252 4913 310 4984 qui]
332 4925 359 4968 et
378 4917 435 4967 Vl.
459 4915 468 4976 ΙΙ
491 4917 507 4969 l.
522 4917 564 4966 28.
585 4911 715 4982 potentie]
735 4918 908 4981 praescntiae
925 4916 996 4966 11111.
1021 4915 1029 4974 ll
1052 4916 1069 4966 l.
1083 4917 1125 4968 21.
1145 4934 1162 4967 a
1177 4911 1267 4980 terris]
1288 4917 1320 4966 de
1339 4917 1418 4967 terris
1438 4913 1506 4966 Pia.
1520 4915 1592 4966 11111.
1629 4914 1800 4966 etincelum

149 5008 213 5069 Vl;
232 5009 260 5058 in
280 5005 340 5076 celo
361 5007 418 5056 VS.
450 5005 459 5066 1]
491 5006 508 5055 1.
528 5005 570 5056 28.
599 5005 755 5071 deportavit
773 5030 809 5038 —
827 4999 1002 5070 potestatem]
1023 5007 1181 5070 reportavit,
1207 5006 1284 5055 sedet
1308 5007 1447 5070 accipiens
1474 5005 1508 5054 ab
1535 5020 1567 5054 eo
1594 5010 1687 5054 eterne
1713 5002 1799 5069 glorie

96 5109 124 5150 ss
143 5099 314 5148 maiestatem
332 5095 408 5146 1710.
440 5093 449 5154 ΙΙ
481 5095 498 5147 t.
518 5095 561 5144 29.
590 5088 681 5156 etiam]
701 5099 730 5144 et
747 5093 819 5143 naa.
862 5088 1045 5158 omniumque]
1065 5099 1092 5143 et
1110 5110 1159 5159 per
1178 5095 1298 5144 omnium
1318 5093 1386 5144 Pitlr.
1419 5092 1427 5153 1]
1459 5093 1476 5143 t.
1497 5094 1539 5143 30.
1568 5098 1595 5142 et
1614 5091 1799 5158 apestolorum

144 5179 285 5251 reliquias]
312 5183 509 5251 apostolorum,
537 5183 731 5249 prophetarum
750 5187 778 5233 et
796 5183 1010 5248 patriarcharum
1029 5187 1055 5232 et
1073 5181 1205 5247 reliquias
1225 5184 1345 5233 omnium
1365 5187 1520 5232 sanctorum
1540 5181 1597 5231 Vl.
1617 5183 1641 5232 5.
1663 5182 1687 5230 8.
1741 5175 1799 5244 per]

143 5277 210 5326 haec
231 5274 287 5324 Vl.
324 5279 418 5324 sancta
436 5271 503 5323 dccet
521 5270 584 5321 Ei.
616 5270 625 5332 Ι]
657 5272 674 5321 1.
694 5273 736 5322 al.
764 5265 953 5336 superpositis]
973 5271 1165 5337 subterpositis
1184 5270 1273 5332 ,lIad.,·
1291 5272 1476 5337 subterpositas
1495 5269 1570 5320 Vio.
1608 5270 1696 5319 sancti
1715 5263 1799 5330 illius]

142 5363 180 5414 ita
198 5358 783 5424 1111111111117111111101111111111.
804 5359 889 5420 Helm
914 5356 1306 5411 111111111111111111111111.
1361 5359 1486 5409 manibus
1506 5351 1583 5422 meis]
1603 5358 1655 5424 piis
1674 5357 1800 5406 manibus

150 5451 218 5513 Vl;
244 5449 462 5502 1111111111αά.
495 5447 503 5508 ll
536 5449 552 5500 1.
572 5449 615 5499 32.
644 5442 785 5513 contingo]
806 5455 943 5514 contango
964 5448 1020 5498 Vl.
1041 5450 1066 5498 8.
1122 5442 1305 5514 quecumque]
1330 5447 1368 5498 ita
1393 5446 1421 5498 Ε
1438 5449 1461 5497 Ι.
1488 5445 1573 5508 11111,Ι
1598 5460 1704 5514 queque
1730 5443 1799 5502 178;

98 5553 125 5592 oo
143 5556 197 5605 que
215 5548 268 5591 cett.

255 5701 283 5772 l)
314 5702 432 5779 Apocol.
459 5701 488 5772 3,
510 5701 540 5756 1.
