4478 6246
426 277 467 340 92
944 284 1023 338 LEX
1046 281 1349 340 VISIGOTHORUM
1371 284 1410 353 Il,
1428 283 1457 352 3,
1477 283 1506 340 6.
1527 284 1557 340 7.

285 479 404 552 11,s,a
424 480 618 551 nocam]
645 469 765 534 iudicio
789 491 970 556 proponere
993 492 1060 534 non
1081 479 1218 534 vetetur.
1263 469 1422 535 Maritus¹
1446 493 1524 534 sane
1547 493 1613 535 non
1636 471 1706 536 sine
1729 470 1918 536 mandatum
1941 495 2074 538 causam

426 578 513 643 dicat
535 578 657 658 uxoris,
686 589 741 642 aut
765 587 852 642 certe
883 587 957 641 ante
987 576 1151 641 iudicem*
1181 599 1216 640 se
1245 577 1303 642 tali
1333 575 1455 663 obliget
1485 579 1645 660 cantione,
1677 577 1765 664 quod
1794 601 1878 643 uxor
1906 581 2075 665 negotium

425 687 494 749 eius
517 707 583 749 nou
606 682 762 766 revolvat,
787 695 820 748 et
843 684 870 747 si
893 683 1079 765 revolverit,
1103 682 1267 764 damnum,
1292 683 1380 770 qnod
1403 685 1511 749 cautio
1536 683 1745 768 demonstrat,
1769 687 1903 750 meritiis
1927 686 2075 774 recipiat,

425 791 575 877 quisine
599 790 787 856 mandatum
812 812 944 854 causam
967 789 1077 855 dicere
1100 791 1275 875 presumsit
1297 791 1419 855 uxoris.
1468 789 1565 872 Quod
1589 792 1616 854 si
1643 793 1777 858 maritus
1801 814 1944 875 oausam,
1977 815 2076 880 quam

426 899 495 962 sine
518 897 706 962 mandatum
730 897 877 982 coniugis
900 919 958 961 sue
982 894 1250 982 prosequebatur,
1281 898 1436 978 amiserit,
1466 919 1550 962 uxor
1579 897 1702 962 nullum
1732 899 1948 984 preiudicium
1976 900 2107 986 perti-s

425 1017 564 1087 mescat;
589 1004 648 1068 sed
672 1014 728 1068 aut
750 1027 810 1091 per
833 1025 867 1068 se
890 1004 1057 1090 negotium
1079 1013 1295 1090 prosequatur
1317 1014 1373 1069 aut
1397 1005 1449 1069 cui
1472 1003 1611 1068 voluerit
1634 1027 1682 1088 ea,
1712 1027 1775 1092 que
1798 1007 1862 1091 ipsi
1886 1015 2074 1093 conpetunt,

425 1111 655 1198 prosequenda
685 1109 896 1193 conmendet;
929 1111 975 1174 ita
1004 1118 1055 1192 ut,
1087 1111 1131 1193 si,
1162 1111 1277 1175 marito
1308 1132 1368 1196 per
1397 1109 1555 1176 iudicium
1584 1111 1667 1176 iuste
1699 1123 1864 1199 superato,
1893 1112 2001 1177 denuo
2033 1111 2077 1176 ad

427 1241 558 1282 oausam
583 1217 756 1282 dicendam
779 1217 1003 1282 adversarium
1026 1215 1127 1297 illurn,
1151 1218 1208 1303 qui
1229 1217 1335 1282 victor
1359 1219 1520 1298 extiterat,
1544 1241 1620 1304 pars
1643 1218 1787 1283 mulieris
1809 1218 1985 1284 crediderit
2001 1241 2076 1284 con·

426 1323 630 1404 vexandum,
667 1323 773 1410 adque
803 1325 837 1388 in
867 1323 988 1388 iudicio
1019 1323 1161 1388 secundo
1191 1325 1334 1410 patuerit
1367 1323 1506 1388 eundem
1542 1326 1610 1389 eius
1645 1327 1796 1389 maritum
1831 1349 1896 1390 non
1929 1325 2075 1390 indebite

426 1432 549 1496 victum
574 1430 684 1512 fuisse,
709 1433 838 1496 noverit
860 1431 975 1496 cadem
998 1429 1113 1495 mulier
1135 1453 1201 1494 non
1224 1430 1327 1495 solum
1351 1453 1385 1496 se
1401 1430 1512 1512 iudici,
1538 1432 1594 1518 qui
1610 1454 1742 1497 causam
1758 1434 1847 1518 prius
1864 1431 2075 1516 examinabit,
2097 1455 2121 1494 ιο

427 1537 485 1602 sed
509 1548 541 1602 et
564 1537 610 1602 illi
634 1539 810 1620 causidico,
836 1560 932 1625 quem
955 1537 1096 1601 iteratim
1120 1536 1163 1601 ad
1185 1536 1342 1602 iudicium
1365 1537 1519 1623 conpulit,
1550 1538 1642 1603 iuxta
1668 1538 1750 1624 legis
1780 1540 1973 1604 sententiam
2005 1561 2076 1604 esse

427 1645 675 1710 satisfacturam.

587 1850 613 1916 *)
635 1855 691 1906 1'1.
711 1858 735 1905 4.
756 1856 780 1905 6.
801 1855 824 1904 8.
845 1853 912 1904 Pia.
931 1853 1045 1904 ιιιὶάιιηιι
1071 1865 1122 1904 seu
1146 1849 1225 1916 alios,
1250 1867 1319 1920 quos
1342 1849 1428 1905 iudex
1452 1849 1583 1922 elegerit.

291 2096 410 2170 n,s,a
430 2098 623 2168 ascensi
1104 2097 1169 2152 vn.
1212 2095 1400 2161 arnoul.

428 2222 497 2304 Ut,
523 2224 633 2288 sicut
656 2221 831 2304 lucrum,
855 2221 914 2286 ita
938 2233 977 2286 et
1000 2221 1185 2286 damnum
1210 2231 1451 2286 revertatur
1474 2220 1524 2286 ad
1547 2222 1840 2288 mandatorem.
1885 2224 1945 2288 De
1969 2246 2076 2289 com-
2098 2246 2123 2286 rs

838 2327 968 2393 modis
993 2329 1116 2392 etiam
1139 2327 1374 2392 mandatum
1397 2329 1665 2415 accipientia.

537 2454 650 2519 Sicut²
674 2453 809 2535 lucrum,
840 2453 886 2517 ita
909 2461 941 2516 et
965 2452 1119 2516 damnum
1142 2452 1234 2516 iuxta
1257 2452 1482 2518 condicionem
1505 2453 1650 2518 mandati
1674 2453 1716 2518 ad
1741 2477 1823 2537 cum,
1856 2457 1911 2541 qui
1942 2478 2078 2521 causam

429 2561 643 2642 mandaverit,
668 2569 865 2642 revertatur3
889 2559 936 2623 ita
958 2569 1004 2641 nt,
1028 2559 1084 2645 qui
1108 2581 1240 2623 causam
1265 2581 1307 2623 ex
1330 2559 1484 2626 mandato
1508 2561 1627 2625 dixerit
1644 2571 1675 2626 et
1690 2561 1838 2644 fideliter,
1859 2573 1894 2626 ut
1909 2565 2078 2648 negotium

429 2677 614 2755 peragatur,
650 2667 811 2748 institerit,
843 2666 884 2731 ab
916 2689 953 2730 eo
984 2665 1155 2730 mandator
1183 2689 1244 2730 nec
1276 2667 1465 2730 mandatum
1495 2678 1629 2753 repetat,
1665 2691 1726 2732 nec
1755 2670 1860 2754 ipsam
1889 2679 2005 2755 postea
2036 2669 2079 2733 ad

430 2775 528 2839 alium
551 2774 727 2838 transferat
750 2775 926 2856 actionem,
952 2775 1029 2859 quia
1050 2773 1204 2836 iniustum
1229 2783 1286 2856 est,
1310 2783 1346 2837 ut
1369 2773 1553 2838 mercedem
1577 2775 1626 2838 sui
1649 2772 1768 2838 laboris
1792 2776 1927 2856 amittat,
1945 2777 2001 2862 qui
2017 2799 2078 2863 pro
2097 2798 2124 2837 so

430 2891 581 2967 suscepta
605 2903 704 2945 causa
725 2880 865 2946 fideliter
887 2879 1054 2945 laborasse
1082 2881 1304 2964 cognoscitur3
1334 2880 1381 2945 ita
1410 2890 1445 2944 ut
1474 2881 1534 2963 his,
1566 2882 1621 2967 qui
1650 2882 1817 2967 negotium
1846 2893 2078 2968 prosecuturus

430 2998 488 3068 est,
513 2997 588 3052 ante
612 3010 709 3052 cause
733 2987 927 3074 principium
952 3009 1025 3052 cum
1048 2986 1238 3050 mandatore
1262 2985 1405 3070 definiat,
1430 2998 1584 3073 quantum
1608 3010 1667 3074 pro
1691 2987 1860 3052 commodo
1884 2990 1934 3053 sui
1956 2987 2079 3054 laboris

430 3095 521 3159 linito
546 3095 712 3179 negotium
736 3092 777 3158 ab
803 3116 840 3158 eo
865 3095 906 3157 sit
929 3098 1153 3179 acceptumst
1201 3092 1298 3173 Quod
1325 3094 1352 3157 si
1383 3103 1551 3180 acceptam
1580 3117 1647 3160 rem
1678 3105 1868 3180 prosecutor
1896 3095 1982 3160 infra
2012 3106 2079 3161 tres

537 3358 653 3418 11,3,o.
690 3357 745 3408 1.1.
765 3358 893 3408 mandato
913 3355 945 3406 Ε.
965 3356 992 3405 V.
1015 3353 1024 3416 ll
1047 3357 1064 3406 1.
1078 3357 1105 3424 2,
1122 3350 1262 3420 cautione]
1282 3355 1393 3406 vinculo
1414 3357 1548 3408 celationis
1568 3355 1624 3407 Va.
1644 3355 1712 3407 Piri.
1755 3352 1836 3422 qnod]
1856 3373 1910 3422 quo
1930 3358 1987 3408 Vl.
2008 3361 2033 3410 2.
2053 3361 2078 3409 6.

430 3448 446 3498 l.
461 3449 485 3497 3.
506 3453 533 3497 et
546 3448 569 3496 si
582 3445 730 3498 revolverit
742 3447 791 3496 da.
806 3447 830 3496 Β
842 3449 864 3496 1.
888 3445 896 3506 Ι)
919 3446 937 3496 1.
950 3447 974 3496 4.
994 3446 1121 3496 mandato
1139 3444 1172 3494 E.
1189 3444 1216 3493 V.
1253 3461 1364 3495 causam
1377 3446 1468 3496 dicere
1482 3470 1515 3479 ·-
1529 3446 1684 3496 mandatnm
1697 3445 1747 3496 des.
1760 3446 1786 3496 Β
1796 3449 1819 3496 1.
1842 3446 1851 3510 ll
1874 3447 1890 3497 l.
1905 3449 1929 3497 5.
1949 3449 2078 3499 mandato
2098 3457 2125 3497 ss

430 3535 463 3586 E.
483 3536 510 3585 V.
560 3537 677 3600 coniuge
697 3534 759 3586 ΒΙ.
814 3532 1115 3586 centenariam.
1148 3533 1156 3595 ll
1188 3534 1247 3584 tr.
1275 3535 1379 3585 iudicio
1399 3533 1460 3583 Β1.
1492 3532 1501 3594 ll
1533 3534 1549 3584 ἱ.
1569 3536 1592 3584 9.
1619 3535 1647 3584 in
1672 3534 1738 3584 dccet
1763 3534 1787 3585 Β
1808 3539 1830 3585 1.
1885 3537 1982 3587 manto
2009 3537 2035 3586 Β
2054 3540 2078 3587 1.

429 3625 551 3676 indevite
571 3625 633 3675 Β1.
659 3625 668 3685 ll
694 3625 711 3675 l.
725 3627 767 3674 10.
787 3625 900 3675 eandem
920 3623 952 3674 Β.
972 3623 1000 3673 Ε
1010 3625 1035 3673 2.
1079 3623 1245 3674 examinavit
1264 3621 1326 3673 Ε1.
1346 3622 1374 3674 V.
1404 3621 1413 3682 ll
1442 3624 1515 3676 l.ll.
1535 3629 1563 3674 ct
1580 3623 1647 3674 deest
1664 3623 1726 3673 Β1.
1770 3623 1904 3690 conpullit
1921 3625 1950 3674 E
1960 3628 1990 3686 2;
2014 3642 2079 3677 con-

430 3713 507 3780 pellit
526 3714 551 3763 Β
564 3716 588 3764 2.
643 3709 729 3778 iuxta]
750 3715 824 3763 iusta
843 3713 875 3763 Ε.
907 3711 916 3772 ΙΙ
948 3713 965 3763 l.
986 3715 1027 3763 12.
1052 3713 1257 3763 satisfacturum
1277 3712 1333 3763 Vs.
1353 3714 1378 3762 4.
1398 3713 1422 3762 5.
1445 3711 1534 3772 uada
1558 3713 1763 3764 satisfacturum
1787 3730 1851 3764 corr.
1876 3715 2078 3765 satisfacturam

430 3803 455 3854 Β
475 3806 498 3854 1.
524 3805 548 3853 2.
782 3847 784 3852 .

537 3892 572 3952 11,
587 3895 612 3952 3,
626 3894 650 3943 1.
690 3891 767 3943 Codd.
786 3891 845 3942 ΒΙ.
864 3893 889 3942 2.
909 3891 971 3942 ΕΙ.
991 3893 1015 3942 2.
1036 3890 1092 3940 Vl.
1112 3892 1136 3940 2.
1156 3893 1180 3940 3.
1199 3891 1224 3939 4.
1244 3891 1268 3940 5.
1289 3890 1312 3939 6.
1334 3885 1464 3952 (17.19).
1489 3913 1524 3924 -
1549 3891 1565 3941 l.
1586 3893 1625 3941 14.
1648 3885 1739 3954 ΑΝΤ.)
1757 3891 1824 3942 deest
1841 3891 1902 3941 Β2.
1922 3890 1955 3942 Ε.
1975 3892 2033 3943 Vl.
2053 3895 2077 3944 2.
2098 3901 2125 3940 so

431 3983 456 4032 3.
475 3983 506 4043 43
525 3981 549 4030 Α
567 3980 625 4031 Va.
651 3977 660 4039 ll
686 3980 702 4030 ἱ.
719 3983 759 4030 15.
779 3981 937 4031 mandatore
957 3980 1019 4030 Β1.
1038 3978 1100 4029 Ε1.
1127 3977 1136 4038 ΙΙ
1162 3980 1178 4029 l.
1194 3980 1234 4028 18.
1254 3979 1409 4029 mandatum
1427 3978 1461 4028 al.
1480 3995 1548 4028 maa.
1567 3995 1630 4028 corr.
1649 3980 1778 4030 mandato
1798 3979 1860 4030 Β1.
1892 3978 1901 4040 ll
1933 3982 1949 4032 l.
1971 3983 2011 4031 19.
2037 3983 2078 4031 in-

431 4071 552 4120 stituerit
571 4069 632 4120 Β1.
652 4069 714 4119 Ε2.
734 4069 790 4119 Vt.
810 4071 834 4120 5.
855 4069 926 4118 Mad.
963 4069 1090 4120 mandato
1110 4067 1171 4118 Β1.
1209 4060 1314 4133 postea]
1333 4082 1445 4116 causam
1461 4065 1522 4116 add.
1541 4066 1604 4117 Ε1.
1630 4065 1639 4126 ΙΙ
1665 4068 1681 4118 l.
1695 4069 1737 4118 20.
1756 4063 1898 4132 iniustum]
1918 4069 1997 4120 valde
2016 4071 2078 4121 add.

404 4216 407 4222 ,
431 4158 499 4208 Pitlr.
522 4157 531 4219 ll
554 4159 571 4208 l.
584 4160 626 4208 21.
647 4153 796 4220 laborasse]
815 4157 853 4208 ito
871 4157 896 4208 Β
911 4161 933 4208 1.
953 4158 1016 4220 V3;
1037 4156 1192 4208 elaborasse
1210 4165 1265 4207 cett.
1301 4161 1446 4206 secuturus
1465 4157 1527 4208 121.
1550 4157 1559 4218 ll
1582 4158 1599 4208 l.
1613 4159 1654 4207 22.
1675 4173 1757 4208 cause
1775 4153 1949 4224 principium]
1969 4162 2078 4225 aprin-

431 4249 519 4313 cipem
536 4247 598 4309 V2;
619 4253 769 4312 conspectu
787 4247 941 4312 principum
960 4245 988 4296 Ε
1000 4248 1022 4296 1.
1060 4247 1203 4296 comodum
1223 4245 1291 4308 1213
1311 4244 1446 4295 commodi
1466 4245 1491 4295 Β
1504 4247 1534 4308 2;
1555 4245 1691 4312 quomodo
1711 4246 1739 4296 Ε
1751 4250 1773 4296 1.
1797 4245 1806 4307 ll
1829 4248 1846 4298 l.
1860 4250 1902 4298 23.
1922 4243 2075 4314 negotium]

429 4335 467 4386 ita
485 4335 510 4385 Β
524 4338 546 4385 1.
567 4334 595 4384 Ε
605 4337 636 4397 2;
655 4336 767 4400 negotio
786 4343 839 4386 cett.
878 4329 1029 4402 acceptam]
1051 4341 1189 4402 receptam
1209 4333 1240 4384 Ε.
1260 4333 1287 4384 V.
2097 4343 2124 4384 ao

431 4589 495 4625 suas
532 4572 636 4642 agendi
671 4588 768 4626 causas
800 4570 925 4626 habeant
960 4577 1135 4642 potestatem
1168 4587 1221 4624 nco
1257 4570 1373 4625 alicuius
1408 4589 1520 4626 causam
1554 4589 1571 4628 a
1603 4590 1632 4628 se
1668 4572 1798 4628 noverint
1831 4575 2076 4645 prosequendam,

431 4675 485 4748 IX,
505 4676 569 4747 1,2
594 4675 737 4752 Iotape:
767 4678 891 4732 Feminis
914 4678 968 4732 nisi
996 4679 1026 4731 in
1049 4696 1099 4732 sua
1122 4695 1290 4748 suarumque
1322 4695 1406 4734 causa
1437 4696 1604 4750 quemqnam
1634 4696 1766 4734 accusare
1797 4697 1853 4734 nou
1882 4681 1978 4751 liceat,
2010 4683 2078 4754 quia

430 4786 611 4856 susceptione
642 4784 796 4840 alienarum
826 4801 971 4838 causarum
1005 4784 1116 4856 legibus
1145 4783 1347 4854 prohibentur,
1380 4783 1463 4840 Paul.
1495 4783 1523 4854 I,
1550 4783 1582 4854 2,
1608 4783 1644 4840 2:
1678 4785 1813 4842 Feminae
1843 4787 1873 4841 in
1904 4805 1964 4842 rem
1998 4806 2077 4844 suam

430 4893 613 4963 cognitoriam
635 4909 749 4963 operam
773 4891 916 4962 suscipere
940 4908 995 4945 non
1017 4890 1214 4962 prohibentur.
1259 4889 1402 4966 Interpra
1425 4892 1570 4960 Feminae,
1592 4892 1661 4948 licet
1682 4894 1908 4964 procurationem
1930 4895 2075 4966 suscipere

430 4999 642 5070 prohibeantur,
666 5005 772 5066 tamen,
797 4998 820 5051 si
843 4997 971 5052 dominae
997 5004 1027 5051 et
1049 4997 1253 5068 procuratrices
1276 4996 1356 5067 fiant,
1380 5017 1431 5070 pro
1453 5016 1484 5054 re
1509 4999 1563 5053 iam
1586 5015 1637 5054 sna
1652 5017 1738 5070 agere
1754 5007 1882 5070 possunt.
1965 4999 1995 5070 l)
2013 5001 2077 5058 Lea
2095 5021 2125 5059 io

430 5104 574 5179 ancipitum
598 5103 641 5160 ias
663 5103 822 5161 Romanum
852 5102 993 5178 aequiter,
1022 5123 1047 5159 v.
1075 5101 1142 5159 cod.
1167 5103 1235 5160 lust.
1260 5102 1300 5174 II,
1327 5103 1377 5174 12,
1403 5103 1460 5159 21:
1493 5105 1611 5160 Maritus
1642 5106 1712 5161 citra
1738 5107 1901 5163 mandatnm
1931 5107 1959 5162 in
1990 5109 2076 5164 rebus

429 5213 521 5266 uxoris
545 5230 608 5266 cum
631 5210 760 5266 sollemni
782 5211 966 5265 satisdatione
992 5217 1022 5264 et
1045 5210 1100 5265 alia
1122 5211 1319 5268 observatione
1342 5213 1539 5267 intercedendi
1562 5213 1668 5268 habeat
1691 5213 1809 5269 liberam
1831 5213 2022 5271 facultatem.
2042 5257 2048 5271 .
2068 5258 2074 5271 .

430 5316 479 5373 Sin
510 5327 604 5373 autom
633 5318 796 5373 mandatum
826 5317 994 5388 susceperit,
1028 5317 1095 5372 licet
1124 5318 1240 5371 maritus
1270 5320 1316 5386 sit,
1351 5319 1380 5373 id
1410 5319 1498 5373 solum
1529 5321 1646 5391 exsequi
1675 5321 1772 5388 debet,
1809 5321 1884 5392 quod
1913 5325 2075 5392 procuratio

336 5501 341 5510 Ι
431 5426 532 5479 emissa
553 5424 783 5496 praescripserit3
810 5423 845 5478 L.
869 5423 951 5480 liora.
975 5423 1030 5479 Vis.
1058 5420 1089 5481 G.
1113 5422 1162 5479 Ta
1187 5421 1227 5493 ΙΙ,
1255 5423 1305 5494 12,
1331 5424 1349 5479 4
1378 5443 1437 5480 carn
1461 5423 1698 5500 Interpretatioae
1720 5434 1747 5483 ct
1769 5425 1925 5502 Epitomrssm
1950 5425 2074 5485 Censuit

430 5539 481 5587 oct.
499 5530 592 5587 iurare.
611 5549 633 5587 c.
652 5529 681 5601 8,
706 5530 767 5594 §L
810 5527 858 5601 Of.
876 5529 923 5586 ίΝ.
941 5529 1039 5586 Arclr!
1056 5529 1170 5601 XXIV,
1189 5549 1222 5604 p.
1240 5529 1281 5585 96
1297 5549 1339 5606 sq.
1432 5529 1462 5600 2)
1489 5529 1537 5602 Cf.
1561 5551 1652 5607 sopra
1669 5551 1703 5608 p.
1721 5531 1772 5604 24,
1796 5553 1825 5591 n.
1844 5533 1872 5589 3.
1965 5531 1996 5604 3)
2024 5532 2074 5607 Os.
2093 5553 2123 5594 rs

431 5633 500 5694 God.
516 5635 584 5694 lust.
601 5636 654 5707 IV,
673 5636 724 5707 35,
743 5636 797 5692 17:
823 5636 959 5692 Salarium
981 5637 1108 5693 incertae
1131 5637 1342 5708 pollicitationis
1364 5638 1426 5709 peti
1449 5656 1504 5693 non
1526 5645 1633 5710 potest,
1654 5647 1680 5696 et
1697 5639 1766 5717 Dry.
1783 5638 1883 5711 XVII,
1903 5642 1930 5711 1,
1949 5637 1989 5696 56
2010 5644 2025 5704 5
2044 5639 2074 5697 3.
