4372 6254
799 337 953 395 conlcls
976 337 1179 396 EURICIANI
1202 336 1446 394 FRAGMENTA
1471 335 1544 390 275.
1571 333 1644 390 276.

758 523 868 613 [Quod
891 526 918 589 si
942 526 1014 613 quis
1038 525 1125 590 intra
1146 525 1300 590 terminos
1324 523 1446 588 alienos
1469 520 1539 610 por]

761 630 953 720 [absentiam
977 641 1033 696 aut
1054 654 1114 719 per
1136 632 1352 718 ignorantiam
1374 628 1507 717 domini]

757 737 894 826 [partem
918 738 1060 825 aliquam
1082 738 1165 803 forte
1187 737 1379 825 possederit,
1403 737 1510 801 statim
1534 733 1632 822 eam],

758 843 843 933 [cum
867 845 993 932 antiqui
1017 854 1050 909 ct
1073 843 1241 908 evidentes
1265 843 1306 908 ab
1331 840 1579 931 inspectoribus]

759 951 851 1040 [fines
876 961 1104 1038 agnoscuntur,
1128 951 1254 1016 amittat
1278 950 1407 1015 domino
1431 946 1621 1036 resonum]-

761 1057 858 1147 [dam.
904 1059 974 1123 Nec
999 1069 1112 1123 contra
1134 1059 1228 1144 signa
1251 1057 1415 1122 evidentia
1438 1054 1549 1144 ullum]

760 1165 887 1254 [longae
910 1166 1123 1252 possessionis
1146 1175 1274 1251 tempus
1298 1163 1463 1252 opponat].

692 1323 918 1413 [CCLXXVI.
966 1323 1030 1390 fsi¹
1056 1325 1281 1412 quodcumque
1305 1335 1380 1388 ante
1403 1321 1589 1412 adventurn]

760 1431 952 1520 [Gothorum
976 1432 1017 1498 de
1041 1432 1177 1496 alicuius
1200 1429 1293 1496 fundi
1316 1431 1386 1494 iuro
1409 1428 1579 1518 remotum]

760 1539 821 1628 [est
843 1549 875 1604 et
899 1539 1008 1627 aliqua
1030 1539 1234 1626 possessione
1258 1547 1314 1602 aut
1336 1535 1526 1625 vinditiano]

760 1645 826 1734 [aut
850 1645 1024 1710 donatione
1048 1655 1104 1710 aut
1128 1644 1287 1708 divisione
1310 1654 1367 1708 aut
1389 1642 1509 1731 aliqua]

760 1751 989 1840 [transactione
1013 1750 1203 1816 translatum
1228 1760 1286 1832 est,
1310 1750 1344 1814 id
1367 1751 1400 1814 in
1426 1748 1506 1838 eins]

759 1857 871 1946 [fundi,
896 1857 1004 1944 adque
1028 1879 1047 1921 a
1070 1857 1223 1922 Romanis
1247 1857 1424 1943 antiquitus
1447 1855 1534 1945 pro]-

758 1963 864 2052 [batur
887 1964 1085 2045 adiunctum,
1108 1965 1178 2028 iure
1203 1965 1367 2028 consistat.
1415 1962 1508 2051 Cum]

758 2070 877 2159 [autern
899 2073 1080 2158 proprietas
1104 2069 1196 2135 fundi
1218 2069 1315 2135 nullis
1339 2068 1538 2158 certissimis]

758 2177 870 2266 [signis
894 2189 950 2243 aut
972 2176 1127 2242 limitibus
1151 2175 1316 2262 probatur,
1341 2177 1419 2264 quid
1443 2175 1570 2266 debeat]

758 2284 946 2373 [observari,
972 2284 1070 2370 eligat
1094 2285 1251 2371 inspectio
1275 2283 1512 2372 iudicantium]‚

758 2391 849 2480 [quos
872 2392 1012 2478 partium
1036 2413 1212 2456 consensus
1236 2389 1404 2479 elegeritq.

757 2497 809 2586 [Si
831 2522 901 2563 vero
918 2499 1099 2586 fundorum
1124 2501 1253 2563 termini
1274 2501 1308 2563 ia
1331 2501 1442 2579 tertiis,
1466 2497 1555 2586 qrtas]

757 2602 896 2668 ‘habent
919 2605 1065 2685 Romani,
1089 2604 1219 2686 fuerint,
1243 2615 1319 2668 tunc
1344 2602 1443 2669 Gothi
1469 2603 1539 2695 [in]-

754 2711 945 2796 grediantur
967 2711 1001 2774 in
1024 2710 1095 2775 loco
1119 2711 1280 2797 hospitum
1305 2721 1338 2776 et
1361 2711 1504 2800 ducan[t,
1530 2711 1596 2800 ube]

756 2819 926 2882 terminum
950 2818 1057 2882 fuerat
1081 2829 1238 2882 ostensus.
1286 2818 1378 2882 Tunc
1405 2817 1550 2907 ‘iud[ex],

755 2949 836 3013 quos
861 2926 1016 2989 certiores
1040 2925 1220 3010 agnoverit,
1243 2924 1344 2989 faciat
1368 2947 1423 2989 eos
1447 2924 1522 3013 s[a]·

756 3043 923 3097 eramenta
946 3029 1115 3117 praebere,
1141 3031 1228 3118 quod
1250 3033 1422 3095 terminum
1447 3031 1541 3120 s[ine]

754 3138 820 3204 ulla
842 3138 957 3202 fraude
982 3139 1242 3202 monstraverint.
1292 3136 1415 3201 iNullus
1439 3137 1521 3227 n[0]-
1753 3167 1985 3216 πωπω-τ,

754 3269 830 3310 vum
853 3245 1025 3309 terminum
1050 3246 1119 3309 sine
1144 3255 1292 3308 consorte
1316 3243 1431 3332 part[is
1456 3244 1513 3334 al]-

753 3353 852 3416 terius
876 3362 932 3416 aut
955 3353 1026 3416 sine
1049 3351 1254 3438 <in>speetore
1279 3353 1461 3416 constituat.
1511 3350 1630 3440 [Quod]

503 3557 551 3631 Os.
577 3559 612 3616 L.
633 3559 688 3616 Vis.
714 3558 751 3629 X,
771 3557 835 3627 3,4
861 3552 1050 3634 (Reccassu):
1074 3556 1104 3612 Si
1128 3558 1190 3629 quis
1214 3557 1287 3612 intra
1310 3558 1444 3612 terminos
1467 3557 1573 3613 alienos
1589 3575 1642 3628 per
1656 3558 1814 3614 absentiam
1830 3567 1879 3614 aut
1895 3577 1948 3630 per
1963 3560 2043 3632 igno-

394 3667 513 3723 rantiam
537 3668 641 3722 domini
664 3673 775 3738 partem
798 3667 920 3737 aliquam
943 3665 1017 3720 sorte
1041 3667 1211 3737 possederit,
1237 3663 1369 3720 itaut..
1389 3649 1572 3719 ,nuliatenus
1595 3663 1780 3738 conprobetur
1802 3666 1896 3720 statim
1914 3685 1975 3722 eum
1987 3685 2045 3742 per

394 3775 513 3845 antiqua
535 3773 618 3849 siqua
635 3773 812 3830 evidentibus
827 3773 1035 3844 inspectoribus
1050 3771 1122 3827 fines
1139 3771 1192 3828 loci
1206 3772 1322 3827 alterius
1340 3779 1554 3842 cognoscuntur,
1571 3771 1683 3826 amittat
1700 3773 1810 3827 domino
1826 3773 2042 3828 reformandam.
2061 3795 2087 3834 so

394 3883 455 3938 Nec
479 3889 577 3936 contra
592 3883 673 3952 signa
690 3881 834 3936 evidentia
850 3879 967 3936 debitum
984 3878 1133 3936 domimum
1150 3879 1236 3933 ullum
1252 3883 1335 3950 longe
1352 3878 1535 3950 possessionis
1552 3885 1664 3950 ternpus
1680 3879 1828 3948 exeludnt;
1851 3879 1903 3935 sed
1916 3879 1967 3936 doc
1984 3923 1990 3935 .
2010 3923 2016 3935 .
2035 3923 2041 3936 .

502 4040 684 4097 CCLXXVI.
733 4041 768 4096 L.
792 4040 848 4096 Vis.
874 4039 911 4110 X,
930 4039 958 4110 3,
977 4039 1013 4096 5:
1039 4037 1069 4093 Si
1093 4041 1288 4110 quodcumque
1312 4045 1379 4094 ante
1404 4040 1557 4094 adveutum
1581 4039 1716 4094 Gotorum
1747 4041 1783 4096 de
1814 4039 1931 4094 alicuius
1962 4040 2042 4095 fundi

393 4150 453 4205 iura
478 4157 614 4204 remotum
639 4155 684 4204 est
708 4153 738 4202 ot
768 4148 889 4218 aliquam
919 4147 1124 4218 possessionem
1148 4153 1197 4200 aut
1226 4146 1410 4201 vinditionem
1435 4153 1498 4236 aut·
1514 4147 1693 4202 donationem
1720 4153 1769 4200 ant
1799 4147 1963 4202 divisionem
1993 4155 2043 4202 aut

393 4257 488 4327 aliqua
517 4256 708 4310 transactione
739 4255 906 4309 translatum
937 4259 992 4322 est,
1027 4254 1056 4307 id
1090 4253 1119 4307 in
1155 4253 1214 4306 eius
1243 4253 1334 4320 fundi,
1369 4253 1463 4324 adque
1498 4271 1516 4308 a
1549 4253 1681 4308 Romame
1715 4253 1872 4324 antiquitus
1905 4256 2043 4326 probatur

393 4365 570 4430 adiunctum,
593 4363 654 4417 iure
685 4339 830 4417 consistat.
881 4359 951 4416 Cum
981 4367 1076 4416 autern
1105 4361 1263 4431 proprietas
1293 4359 1374 4414 fundi
1404 4360 1487 4414 nullis
1518 4361 1679 4415 certissimis
1710 4361 1796 4432 signis
1827 4368 1877 4415 aut
1906 4362 2042 4417 limitibus
2061 4382 2086 4421 ss

393 4472 538 4542 probatur,
570 4469 638 4540 quid
662 4469 769 4524 debeat
791 4469 944 4536 observari,
977 4467 1065 4540 eligat
1087 4468 1226 4539 inspectio
1249 4467 1442 4534 iudicantium,
1475 4485 1543 4538 quos
1567 4468 1690 4538 partium
1713 4485 1867 4522 consensus
1889 4468 2041 4541 helsgerit,

394 4579 435 4633 ita
458 4586 490 4630 ut
513 4578 608 4643 iudex,
634 4594 703 4646 quos
727 4577 861 4631 certiores
885 4576 1032 4646 agnoverit
1055 4575 1102 4629 vel
1125 4575 1260 4642 seniores,
1285 4574 1370 4628 faeiat
1395 4593 1442 4628 eos
1466 4581 1641 4629 saer-amenta
1658 4575 1792 4646 prebere,
1817 4576 1892 4646 quod
1909 4577 2042 4632 terminos

394 4687 454 4740 sine
478 4684 537 4739 ulla
559 4683 659 4738 fraude
683 4683 910 4749 monstraverint,
935 4690 965 4737 et
988 4689 1085 4737 tamen

438 4791 531 4846 nullus
558 4809 660 4845 novum
690 4791 838 4845 torminum
869 4789 929 4843 sine
960 4788 1097 4844 consortis
1121 4807 1190 4862 pre·
1290 4787 1325 4843 L.
1350 4787 1417 4844 Bai.
1445 4787 1494 4858 12,
1518 4788 1545 4843 5.
1573 4788 1607 4843 6:
1640 4789 1729 4844 Nemo
1759 4807 1861 4843 novum
1891 4789 2042 4845 terminum

393 4899 484 4956 sentia
514 4907 563 4954 aut
599 4898 658 4952 sine
689 4898 848 4968 inspectore
885 4895 1049 4951 constituat.
1108 4894 1190 4959 Quod
1244 4896 1303 4950 sine
1329 4913 1464 4951 consensu
1485 4897 1575 4967 partis
1598 4895 1714 4950 alterius
1730 4903 1780 4950 aut
1803 4897 1863 4951 sine
1880 4897 2040 4968 inspectore
2058 4923 2085 4961 ω

394 5009 417 5062 si
447 5007 564 5062 forsitan
595 5006 668 5060 liber
696 5005 748 5060 hoe
779 5004 894 5072 feeerit,
927 5005 1057 5057 damnum
1087 5021 1188 5073 perra-
1244 5003 1407 5058 constituat.
1463 5001 1546 5066 Quod
1576 5002 1597 5056 si
1629 5003 1702 5057 forte
1732 5002 1807 5058 liber
1840 5003 1892 5057 hoe
1927 5003 2040 5073 feeerit,

502 5199 668 5248 CCLXXVI.
705 5198 722 5248 l.
737 5197 778 5248 27.
798 5197 856 5246 sine
875 5203 1000 5262 spectore
1019 5212 1048 5256 a,
1068 5195 1110 5244 ubi
1128 5195 1230 5261 quidam
1249 5197 1343 5246 litteras
1363 5212 1376 5245 e
1396 5211 1426 5261 sp
1446 5196 1528 5257 erasit,
1543 5195 1652 5260 formare
1670 5195 1790 5260 corripere
1808 5197 1898 5246 vomu.

504 5361 533 5432 1)
558 5361 621 5417 Hoc
645 5369 730 5436 σαρκί
751 5369 777 5416 et
793 5359 881 5436 prior
897 5379 973 5435 pars
995 5358 1134 5434 sequentis
1155 5367 1284 5433 spectum
1305 5359 1346 5415 ad
1368 5379 1469 5416 cacans
1493 5379 1527 5415 err
1544 5359 1678 5416 divuisione
1695 5367 1789 5415 terrae
1807 5358 1881 5416 inter
1896 5360 2042 5418 Romanos

389 5487 567 5546 possessores
591 5477 617 5524 et
640 5465 746 5525 Gothos
769 5467 889 5542 hospites
906 5467 994 5538 sacta
1019 5475 1141 5523 ceorlas
1189 5465 1234 5522 De
1257 5485 1314 5540 qua
1344 5466 1478 5522 divisione
1508 5467 1548 5536 cs.
1574 5463 1691 5540 Gaupp,
1716 5465 1952 5544 ‘Ansiedclunpen
1982 5469 2043 5524 und

396 5575 651 5652 Landtlreilunpen'
676 5595 709 5649 p.
736 5573 797 5628 394
814 5593 893 5649 sqq.;
924 5573 1022 5644 Dodo,
1049 5573 1183 5649 ‘Ko'nipe’
1203 5571 1273 5644 Vli,
1300 5593 1333 5649 p.
1360 5572 1399 5628 52
1416 5593 1475 5648 sqq.
1484 5594 1494 5642 ,·
1524 5573 1670 5642 Brunca,
1696 5571 1745 5629 ‘D.
1770 5571 1850 5631 Ro!
1873 5573 1897 5643 I,
1924 5593 1957 5650 p.
1984 5575 2041 5644 67,·
2058 5597 2084 5637 rs

394 5683 443 5739 ίΝ.
468 5683 566 5738 Aret)
590 5681 707 5750 XXIII,
726 5701 758 5756 p.
778 5681 839 5736 458
853 5701 913 5756 sqq.
1163 5667 1166 5673 ¹
