4372 6254
515 369 597 444 Hoc
635 370 803 442 uolumen
842 370 956 443 inulte
990 383 1083 442 certe
1116 370 1223 443 utilia
1255 371 1427 468 praebet,
1468 397 1583 467 neque
1617 397 1701 444 uero
1737 373 1860 443 ostricie
1900 372 2059 445 eiusdem

401 511 547 598 vanus,
568 534 647 580 cura
660 507 931 604 preciosissima
949 507 1015 580 itta
1034 508 1368 604 antiquissimarum
1389 507 1502 605 lequm
1523 505 2057 608 Germanicorumsraqmcnta

400 646 620 735 Euriciono,
648 657 721 717 tum
747 644 927 717 nonnullo
955 646 1080 740 capito
1096 642 1185 741 fere
1203 644 1339 717 nuliius
1358 647 1537 717 momenti.
1584 641 1682 718 Satis
1700 672 1878 743 superque
1904 649 2059 743 repetita

401 797 433 854 et
457 783 608 854 variato
635 795 719 855 scint
743 782 855 854 uerba
881 781 956 871 ilio,
985 781 1115 878 quibus
1133 781 1177 853 de
1196 781 1331 880 ieqibus
1345 780 1609 880 iisiqotitorum
1626 783 1762 854 saecuti
1778 781 1858 855 VH.
1880 783 2061 857 iudicauit

402 917 555 992 Carolus
582 918 626 991 de
644 918 940 1015 Montesquieu¹;
967 944 1061 1015 quae
1085 944 1131 990 ne
1156 920 1196 988 in
1224 944 1343 990 omnes
1370 917 1514 1016 quidem
1541 921 1615 992 eius
1642 921 1722 991 oeci
1749 919 1838 1018 leqes
1864 917 2059 994 eonomine

399 1057 579 1147 uidentur,
606 1055 670 1128 sed
694 1057 734 1127 in
761 1082 821 1128 eas
842 1055 947 1146 solos,
976 1081 1067 1152 quos
1086 1054 1209 1128 clerici
1225 1057 1466 1152 scmpserunt;
1495 1057 1642 1129 minime
1659 1083 1743 1129 uero
1762 1058 1802 1128 in
1821 1059 2055 1154 antiquiores.

400 1193 584 1266 Irtrneerito
614 1219 696 1292 erqo
723 1193 900 1266 iudicium
926 1194 1024 1266 iilius
1050 1206 1153 1264 ceute
1179 1193 1371 1264 limitatum
1397 1191 1589 1265 indiscrete
1615 1193 1668 1266 ad
1693 1220 1813 1266 ornnes
1841 1193 2054 1267 utendum.

399 1331 569 1427 Plerique
597 1332 691 1402 enim
718 1331 790 1402 oiri
820 1329 917 1402 docti
946 1327 1117 1405 Gothicas
1152 1328 1241 1426 lepos
1276 1329 1378 1402 haud
1411 1331 1537 1428 maqni
1563 1333 1755 1403 aestimare
1779 1331 1901 1403 solent.
1957 1331 2057 1404 Iuris

401 1468 563 1540 Itonioui
605 1469 876 1566 inoestiqotores
920 1493 980 1540 eos
1024 1467 1130 1564 quusi
1148 1565 1152 1574 ¹
1173 1466 1413 1539 barbarorum
1459 1481 1662 1564 spernunt;
1715 1469 1778 1564 qui
1829 1494 1913 1540 uero
1964 1469 2057 1540 iuris

403 1603 617 1680 Germanici
645 1605 802 1704 oriqines
826 1617 1037 1677 scrutantur
1064 1603 1205 1676 easdem
1234 1606 1339 1701 quasi
1358 1603 1547 1678 Ronronas
1567 1631 1691 1702 paene
1708 1607 1872 1678 reiciunt.
1920 1605 2056 1677 Y'etrttcn

400 1769 475 1816 non
500 1742 614 1815 sotum
645 1739 857 1817 Germanici
883 1744 974 1814 iaris
1001 1743 1243 1838 antiquissimi
1269 1743 1418 1841 uastiqia
1444 1741 1624 1816 nonnulla
1643 1745 1833 1840 praebent,
1859 1743 1923 1816 sed
1948 1745 2056 1816 etiam

402 1880 617 1952 documento
643 1881 884 1952 institutorum
914 1879 1074 1952 Bouroni
1100 1879 1200 1970 iuris,
1229 1877 1428 1976 dequibus
1455 1879 1533 1950 aliu
1562 1893 1680 1952 tacent
1705 1895 1945 1953 trionumeuto.
1991 1880 2057 1953 Ius

402 2031 519 2090 autem
547 2017 698 2089 mistum
724 2015 818 2089 illud
844 2043 886 2088 eu
911 2011 1007 2088 uitae
1032 2017 1128 2089 inter
1156 2013 1289 2091 Gotitos
1321 2029 1352 2088 et
1382 2015 1565 2088 Rornanos
1596 2018 1847 2112 eoinrmtnitoute
1883 2031 2054 2106 emortum,

403 2154 502 2252 quod
529 2153 807 2251 praeformasse
841 2153 983 2226 uidetur
1019 2155 1075 2226 ius
1116 2180 1302 2225 cotttrnune
1333 2167 1421 2250 post
1459 2154 1611 2225 atteram
1646 2153 1897 2228 Itornonarum
1938 2155 2055 2254 lequm

402 2293 642 2388 receptionem
682 2291 739 2363 uei
776 2291 999 2362 invasionem
1038 2290 1078 2361 in
1121 2288 1323 2364 Gernuenio
1365 2290 1558 2378 ercuttam,
1597 2317 1719 2363 nonne
1759 2305 1808 2364 est
1844 2318 1900 2364 res
1940 2292 2054 2390 diqna

401 2427 630 2501 studiorum?
695 2426 777 2500 Una
815 2453 857 2500 ec
897 2425 1132 2524 despectionis
1172 2428 1290 2498 censis
1319 2426 1439 2520 fuisse
1478 2427 1621 2500 uidetur
1657 2429 1852 2502 editionum
1886 2431 2056 2526 priamum

402 2565 678 2663 insufficientia,
715 2564 829 2664 tequm
864 2577 976 2636 tentus
1011 2562 1182 2660 confusos
1215 2576 1247 2635 et
1280 2564 1515 2660 interpolatos
1544 2565 1810 2660 praebentium.
1866 2565 1928 2637 Vir
1959 2567 2058 2662 peri-

404 2704 557 2776 tissimus
573 2701 740 2798 sontium
768 2703 860 2774 iuris
882 2699 1094 2776 Gernronici
1120 2701 1151 2773 b.
1172 2727 1217 2772 m.
1241 2697 1322 2774 Ouo
1341 2697 1497 2774 Stoboi?
1525 2702 1696 2797 opinatus
1714 2715 1771 2779 est.
1795 2704 1839 2774 ab
1860 2703 1937 2774 aiio
1955 2703 2059 2775 uuila

308 2931 310 2935 ι
403 2840 720 2912 dionumentorum
749 2851 953 2912 nostrornm
979 2838 1092 2936 lequm
1122 2837 1277 2910 editione
1304 2850 1441 2911 tantum
1471 2865 1541 2912 esse
1566 2837 1788 2935 sperandum
1825 2853 2001 2936 quantum
2035 2867 2059 2910 o

412 2977 712 3076 Visiqotlricarum
742 2975 908 3048 editione.
962 2975 1024 3048 En
1052 2975 1160 3047 editio
1188 2975 1267 3064 isto,
1296 3001 1389 3072 quae
1417 2975 1507 3074 teqes
1531 2977 1721 3074 qenninos‚
1755 2976 1917 3072 diqestos,
1952 2978 2058 3048 casti-

402 3128 508 3213 qotos
542 3112 659 3210 offert.
722 3113 893 3202 Adiacet,
929 3139 1132 3209 speramus,
1166 3125 1206 3184 ut
1242 3111 1332 3211 leqes
1363 3111 1450 3184 illue
1485 3115 1600 3212 maqis
1633 3113 1788 3186 studiose
1825 3113 1992 3211 leqantur
2028 3127 2061 3186 et

397 3253 679 3348 perquirantur,
708 3277 817 3348 quom
842 3250 1076 3348 neqliqontur
1102 3263 1134 3322 et
1159 3250 1279 3346 inepte
1304 3233 1582 3346 vituperentur·

516 3407 620 3480 Doto
645 3407 792 3480 Berol
799 3408 812 3478 i
821 3407 870 3477 ni
896 3405 930 3478 d.
955 3405 993 3477 V.
1022 3407 1151 3478 niensis
1177 3401 1394 3501 Seqrternbris
1421 3431 1454 3476 a.
1483 3401 1744 3480 MDCCCCII.

1455 3575 1703 3652 KABOLUS
1726 3575 1953 3650 ZEUMER.

518 3836 545 3902 l)
576 3835 633 3890 ‘De
656 3834 765 3908 i'csprit
788 3835 836 3889 des
859 3833 923 3888 lois⁷
953 3832 970 3886 i.
1000 3829 1143 3897 XXVIII,
1173 3850 1195 3883 r.
1225 3830 1258 3883 l:
1284 3828 1351 3886 ‘Les
1374 3830 1424 3886 luis
1448 3833 1496 3888 des
1521 3832 1676 3907 'il'isiqotlru
1702 3833 1781 3888 celles
1805 3831 1838 3886 dc
1863 3831 2058 3900 decimoquarto.

409 3942 442 3996 de
460 3941 692 3997 (t'ltnindaaeuinde
716 3949 741 3996 et
764 3939 891 4015 d’Epiqa
914 3947 977 3994 sont
994 3934 1113 4011 pidrils
1135 3936 1267 4012 querelas,
1292 3936 1389 3993 idiotes
1396 3958 1405 4004 ;
1430 3939 1494 3994 elles
1517 3938 1701 4012 11⁷atteiqneat
1719 3938 1800 4011 point
1823 3939 1847 3990 ir
1870 3937 1931 4006 but;
1950 3939 2061 4012 plenum

407 4049 441 4104 de
464 4049 624 4123 ritc‘torique
647 4058 673 4106 et
694 4048 771 4105 uides
795 4049 923 4116 doeens,
947 4044 1071 4115 seientes
1094 4043 1168 4099 (laris
1191 4045 1215 4096 le
1239 4043 1322 4113 ¹setrid
1343 4053 1368 4099 et
1388 4045 1584 4120 qiquntesqtms
1608 4045 1681 4100 elaris
1704 4047 1729 4099 le
1751 4045 1842 4116 stqle’.
1936 4045 1965 4114 2)
1991 4047 2058 4102 Ἢν-

407 4155 527 4210 sclriclate
550 4157 602 4211 dcr
625 4156 783 4212 Deatsclten
811 4153 1035 4228 Recio-tequellen'
1061 4149 1085 4218 I,
1112 4171 1144 4224 p.
1163 4150 1214 4205 ‘tt-3.
