4388 6226
598 356 893 412 SUPPLEMENTA.
920 387 962 396 -
987 356 1101 413 COXC.
1126 359 1268 413 TOLET.
1293 359 1373 413 Xlll.
1746 352 1811 413 479

158 544 323 609 dominum
354 545 387 607 in
412 542 626 608 emolumento
656 544 797 608 iustitiae
829 545 982 630 capiatis,
1015 557 1050 608 ut
1080 556 1112 608 et
1141 543 1235 610 vobis
1266 545 1532 632 praedicantibus
1565 557 1597 609 et
1627 543 1721 609 nobis
1752 547 1810 609 im-

157 649 321 737 plentibus
346 673 429 737 quae
454 650 573 714 divinis
597 649 698 714 oculis
723 650 934 737 complacent,
967 653 1008 715 sit
1038 653 1183 738 utrisque
1214 651 1360 738 partibus
1392 663 1424 716 ct
1453 653 1487 715 in
1517 651 1577 716 hoc
1609 651 1738 716 sacerdo
1769 651 1811 716 de

157 757 247 822 lucro
271 759 452 822 animarum
482 755 646 821 ineffabile
672 755 827 841 gaudium
852 771 884 822 et
907 759 940 822 in
965 758 1071 822 futuro
1096 759 1136 822 de
1161 760 1372 845 perventione
1388 747 1389 750 ¹
1403 759 1603 823 aeternitatis
1630 759 1811 844 praemium

157 863 392 928 inconvulsum.

125 997 138 1036 a
263 971 385 1035 Datum
422 969 482 1034 sub
518 970 570 1034 die
606 969 711 1056 pridie
747 993 848 1034 nonas
879 970 1082 1035 Novembres
1113 994 1197 1035 anno
1228 971 1366 1036 feliciter
1397 984 1511 1059 quarto
1542 974 1657 1057 regni¹
1688 971 1811 1057 gloriae
1878 1029 1884 1042 ,

158 1089 297 1158 nostrae,
323 1079 355 1142 in
381 1079 443 1142 Dei
468 1079 607 1158 nonnne,
633 1076 757 1141 Toleto,

362 1318 585 1383 EDICTUM
603 1319 666 1382 ult
677 1318 797 1383 VIGII
816 1318 958 1383 sauls
984 1319 1051 1382 DE
1079 1318 1302 1384 TRIBUTLS'
1325 1319 1622 1383 RELAXATJS.

200 1452 245 1515 ln
276 1452 440 1515 numine
471 1451 649 1514 Domini.
704 1451 874 1515 Flavius
905 1452 1108 1537 Ervigius
1138 1475 1210 1516 rex
1241 1451 1430 1517 omnibus
1461 1455 1644 1539 privatis
1676 1455 1765 1517 sive

767 1558 991 1623 fiscalibus
1022 1558 1199 1645 populis

112 1717 138 1754 10
263 1682 418 1768 Magnum
446 1683 576 1768 pietatis
608 1695 656 1748 cst
686 1684 876 1769 praemium,
909 1707 972 1770 quc
1004 1695 1211 1747 removentur
1241 1683 1436 1768 gravedines
1467 1707 1701 1770 pressurarum,
1734 1687 1813 1771 quia

157 1789 235 1854 illud
267 1811 394 1876 semper
424 1801 498 1852 ante
529 1790 593 1853 Dei
624 1789 733 1854 oeulos
764 1790 930 1876 perfectae
961 1792 1177 1854 miserationis
1209 1790 1404 1855 sacrificium
1435 1791 1643 1877 approbatur,
1680 1815 1744 1878 quo
1773 1791 1811 1856 fit

156 1897 312 1961 relevatio
330 1897 530 1975 miserorum,
556 1909 588 1960 et
612 1919 654 1960 ex
677 1895 739 1960 hcc
764 1896 900 1961 salvatio
924 1897 1089 1961 inducitur
1107 1908 1223 1978 terrae,
1248 1920 1308 1983 per
1324 1897 1411 1984 qnod
1430 1921 1602 1984 pressurae
1620 1897 1813 1963 subvenitur

156 2002 327 2067 humanae.
375 2003 534 2066 Iudicium
560 2015 609 2066 cst
633 2004 754 2089 quippe
779 2003 919 2067 salutare
943 2005 976 2066 in
1000 2003 1137 2089 populis,
1163 2003 1293 2090 quando
1319 2006 1366 2068 sic
1390 2006 1563 2069 commissa
1586 2017 1752 2090 reguntur,
1776 2017 1811 2070 ut

156 2133 217 2174 nec
252 2112 384 2174 incauta
420 2111 548 2173 exactio
583 2109 720 2196 populos
755 2122 886 2194 gravet,
926 2132 986 2174 nec
1022 2110 1201 2174 indiscreta
1235 2112 1381 2174 remissio
1417 2123 1535 2175 statum
1570 2113 1676 2197 gentis
1712 2111 1811 2176 faciat

113 2248 137 2286 ss
157 2217 316 2302 deperire.
365 2215 527 2302 Tempora
551 2239 628 2301 ergo
659 2229 789 2280 nostrae
820 2216 942 2300 gloriae
973 2216 1216 2281 misericordiae
1247 2215 1416 2281 beneficiis
1447 2218 1630 2282 condienda
1661 2231 1744 2300 sunt,
1776 2233 1811 2284 ut

157 2337 309 2410 parcente
334 2323 428 2386 nobis
445 2324 518 2387 Deo
541 2324 604 2410 ipsi
629 2346 757 2410 quoquc
782 2323 909 2409 pupulis
934 2346 1068 2410 parcere
1085 2323 1266 2387 videamur.
1302 2324 1459 2388 Votivum
1482 2325 1582 2410 igitur
1598 2327 1810 2412 omnipotenti

155 2431 229 2494 Dec
253 2454 326 2494 meo
357 2430 464 2495 cordis
496 2430 691 2494 sacrificium
723 2429 866 2494 delibare
898 2441 1104 2517 praeoptans,
1136 2432 1169 2493 in
1199 2431 1329 2494 nonrine
1361 2430 1471 2494 divino
1502 2430 1651 2495 omnibus
1681 2431 1809 2518 populis

156 2539 248 2622 regni
272 2539 384 2616 nostri,
409 2549 474 2601 tarn
498 2539 634 2623 privatis
659 2560 756 2623 quarn
785 2538 881 2601 etiam
911 2536 1076 2601 fiscalibus
1108 2538 1221 2617 servis,
1253 2537 1331 2600 viris
1363 2560 1419 2601 scu
1451 2539 1548 2601 etiam
1579 2537 1717 2619 feminis,
1749 2537 1811 2602 sub

156 2643 300 2708 tributali
332 2646 502 2708 exactione
534 2645 566 2708 in
596 2645 800 2731 provinciam
825 2643 952 2708 Galliae
984 2643 1037 2708 vel
1069 2642 1257 2708 Gallaeciae
1290 2655 1386 2730 atque
1417 2645 1451 2707 in
1481 2668 1592 2709 tamnes
1623 2647 1809 2732 provincias

111 2782 137 2820 20
156 2751 334 2837 Hispaniae
355 2749 617 2832 consistentibus,
642 2750 703 2815 hoc
721 2750 888 2816 decretum
907 2749 1090 2815 beneficum
1113 2751 1146 2814 in
1162 2750 1229 2814 Dei
1252 2752 1381 2814 nomine
1405 2773 1628 2836 prorogamus,
1652 2763 1696 2832 ut,
1717 2753 1811 2839 quid-

156 2857 235 2944 quid
270 2860 303 2921 in
334 2859 516 2944 praeteritis
547 2859 640 2922 annis
677 2857 717 2921 de
752 2859 876 2922 ratione
912 2855 1025 2922 tributi
1060 2879 1162 2943 usque
1199 2856 1241 2920 ad
1276 2858 1416 2943 primurn
1452 2871 1581 2922 nostrae
1617 2859 1808 2924 clementiae

156 2989 275 3030 annum
307 2965 467 3029 thesauris
498 2963 638 3051 publicis
662 2962 835 3029 redhibere
867 2964 1032 3044 videmini,
1063 2975 1165 3028 toturn
1196 2962 1289 3027 vebis
1321 2987 1362 3027 cx
1393 2966 1520 3050 integro
1551 2967 1706 3030 noveritis
1737 2989 1808 3030 esse

156 3095 363 3154 concessum,
390 3071 530 3158 qualiter
553 3094 656 3158 usque
681 3071 723 3134 ad
747 3070 949 3156 praedictum
973 3071 1112 3157 primum
1136 3083 1265 3134 nostrae
1290 3069 1412 3156 gloriae
1438 3095 1557 3136 annum
1582 3071 1740 3159 quidquid
1768 3073 1811 3136 de

67 3217 70 3224 ·
156 3181 280 3243 ratione
316 3177 508 3242 tributorum
545 3177 632 3264 apud
663 3201 721 3242 vos
757 3179 895 3258 reiacct,
931 3179 978 3241 sic
1009 3189 1112 3242 tutum
1143 3177 1296 3242 donatum
1327 3177 1421 3241 vobis
1452 3201 1471 3241 a
1502 3180 1675 3244 serenitate
1699 3191 1809 3244 nostra

111 3315 137 3354 ss
157 3285 313 3368 habeatis,
341 3299 377 3350 ut
401 3285 522 3350 nullam
546 3308 587 3350 cx
618 3286 680 3349 hoc
711 3283 867 3371 abinceps
899 3283 938 3348 de
969 3285 1152 3370 praeteritis
1184 3286 1277 3348 annis
1307 3287 1510 3349 exactionem
1541 3285 1705 3371 publicam
1737 3309 1808 3372 per-

155 3394 350 3474 timescatis,
376 3415 415 3457 ea
437 3405 547 3456 tamen
570 3393 695 3456 ratione
720 3403 859 3473 servata,
883 3403 919 3456 ut
942 3415 991 3472 ea,
1024 3413 1106 3477 quae
1137 3393 1170 3454 in
1201 3393 1383 3479 praeteritis
1416 3405 1532 3455 exacta
1563 3405 1637 3456 sunt
1668 3407 1699 3457 et
1729 3393 1810 3458 fisco

156 3513 264 3564 nostro
295 3499 385 3563 illata
415 3522 478 3563 non
510 3511 599 3579 sunt,
631 3496 672 3562 ab
703 3498 770 3580 his,
802 3499 858 3584 qni
889 3521 928 3562 ea
959 3511 1147 3584 exegerunt,
1178 3500 1213 3562 in
1243 3498 1374 3584 publico
1409 3498 1598 3563 inferantur.
1654 3499 1750 3580 Quod
1781 3503 1809 3564 si

157 3607 341 3671 distulerint
364 3619 396 3670 et
421 3605 480 3670 hcc
505 3605 674 3670 confestim
698 3605 817 3668 inferre
842 3604 1056 3690 neglexerint,
1081 3606 1114 3668 in
1138 3604 1355 3692 quadruplum
1386 3627 1451 3668 una
1482 3629 1554 3669 cum
1586 3605 1810 3671 satisfactione

157 3713 365 3800 disciplinae,
402 3714 494 3776 iuxta
530 3712 616 3798 quod
652 3723 762 3776 nostra
797 3711 1010 3775 mansuetudo
1043 3712 1240 3792 decreverit,
1276 3710 1310 3776 id
1340 3713 1445 3798 ipsum
1477 3711 1637 3776 thesauris
1668 3712 1807 3799 publicis

111 3851 137 3890 so
156 3819 352 3907 persolvent.
406 3819 502 3884 Certe
534 3821 560 3882 si
593 3821 739 3905 quisquis
770 3818 823 3882 ille
855 3818 936 3894 dux,
969 3841 1091 3900 comcs,
1123 3818 1310 3904 tiuphadus,
1347 3820 1563 3899 numerarius,
1594 3817 1721 3883 villicus
1752 3831 1811 3884 aut

157 3929 353 4014 quicumque
390 3949 500 3991 euram
535 3924 699 4012 publicam
735 3947 835 4010 agens
875 3923 996 3988 tributa
1034 3949 1076 3988 cx
1115 3939 1187 3989 acto
1227 3923 1288 3988 sibi
1328 3926 1498 3989 commisso
1539 3927 1631 3988 annis
1670 3927 1808 4012 singulis

156 4035 301 4121 plenario
325 4057 459 4098 numero
487 4056 551 4098 non
583 4033 730 4118 exegerit
761 4044 817 4097 aut
847 4045 965 4096 exacta
995 4031 1082 4117 apud
1112 4055 1146 4095 se
1177 4033 1346 4096 retinuerit
1376 4044 1408 4095 et
1439 4055 1478 4096 ca
1508 4034 1615 4097 statim
1646 4032 1807 4097 thesauris

156 4141 296 4228 publicis
320 4141 440 4205 inferre
463 4140 655 4225 neglexerit,
681 4139 815 4225 duplata
838 4137 959 4203 tributa
983 4140 1055 4223 ipsa
1079 4138 1119 4202 de
1143 4139 1282 4225 propriis
1306 4137 1403 4202 rebus
1428 4139 1494 4202 suis
1521 4139 1626 4203 modis
1657 4138 1806 4204 omnibus

155 4251 188 4312 in
224 4247 354 4334 publico
390 4247 554 4311 inscribet.
613 4247 686 4310 Hoc
722 4259 831 4310 tarncn
866 4245 998 4331 speciali
1031 4255 1062 4308 et
1093 4245 1237 4310 evidenti
1272 4246 1454 4309 serenitatis
1484 4259 1613 4310 nostrae
1645 4248 1807 4310 sententia

110 4386 136 4425 as
155 4355 344 4435 definimus,
380 4367 416 4419 ut
450 4354 555 4418 nullus
591 4353 630 4416 de
667 4352 861 4438 supradictis
896 4351 1085 4434 comitibus,
1122 4352 1303 4439 tiuphadis,
1338 4354 1487 4436 vicariis,
1522 4354 1712 4417 numerariis
1748 4377 1807 4418 scu

156 4461 413 4548 quibuscumque
450 4484 560 4526 curam
596 4459 760 4546 publicam
796 4457 967 4544 agentibus
1003 4482 1224 4545 quascumque
1261 4462 1448 4524 exactiones
1484 4483 1541 4547 pro
1577 4460 1638 4524 hcc
1673 4462 1806 4545 negotio

154 4571 284 4654 pietatis
309 4569 442 4634 cuilibet
467 4592 509 4634 cx
533 4567 636 4648 vebia,
662 4566 779 4654 quibus
804 4578 836 4630 et
860 4566 1017 4630 relaxatio
1042 4565 1299 4630 mansuetudinis
1323 4579 1452 4631 nostrae
1476 4567 1676 4648 conceditur,
1704 4567 1805 4653 quod·

156 4698 294 4763 eumque
331 4678 465 4762 exigere
500 4675 771 4762 praesumpserit,
808 4689 864 4737 aut
899 4674 1060 4760 quispiam
1096 4696 1208 4738 eorum
1243 4672 1336 4738 vobis
1367 4697 1425 4761 pro
1461 4674 1517 4738 tali
1552 4697 1651 4738 causa
1681 4673 1806 4759 aliquid

155 4771 325 4848 abstulerit
356 4797 411 4848 aut
440 4782 481 4847 ab
506 4783 577 4846 aliis
602 4781 711 4846 ablata
735 4780 794 4844 sibi
820 4782 985 4866 acceperit
1016 4791 1048 4844 et
1078 4803 1136 4866 pro
1166 4781 1216 4844 his
1247 4782 1354 4845 causis
1386 4780 1584 4868 quibuslibet
1614 4779 1718 4845 modis
1749 4780 1804 4845 ali-

108 4921 136 4960 40
154 4889 233 4977 quid
257 4890 406 4954 mutilare
431 4890 693 4976 praesumpserit,
717 4889 751 4951 in
776 4887 992 4974 quadruplum
1017 4885 1056 4950 de
1081 4886 1241 4973 quidquid
1257 4888 1421 4973 acceperit
1438 4889 1489 4952 cui
1507 4899 1616 4952 nostra
1633 4887 1807 4952 clementia

155 4997 290 5082 elegerit
312 4999 467 5061 universa
490 4997 648 5062 restituat.
696 4995 747 5060 De
779 4996 873 5059 terris
904 5017 982 5057 vero
1014 4993 1066 5057 vel
1095 4995 1209 5074 vincis,
1242 5017 1322 5080 quas
1353 5017 1411 5081 pro
1440 4994 1553 5059 eodem
1583 4993 1703 5060 tributu
1735 4996 1805 5080 qui-

155 5126 293 5189 cumque
319 5103 577 5190 supradietcrum
603 5125 714 5166 curam
739 5101 903 5188 publicam
934 5102 1098 5185 agentium
1123 5099 1217 5165 vobis
1247 5102 1383 5187 privatis
1408 5101 1459 5165 vel
1483 5099 1648 5166 fiscalibus
1676 5101 1806 5188 populis

153 5208 287 5275 abstulit
310 5209 362 5274 vel
387 5211 523 5295 accepit,
548 5209 659 5294 fruges
684 5208 792 5272 aridas
816 5222 848 5273 et
871 5207 1011 5294 liquidas
1036 5207 1154 5272 exinde
1179 5209 1212 5272 in
1242 5209 1426 5294 praeteritis
1457 5205 1550 5271 annis
1581 5209 1804 5294 unusquisque

266 5431 281 5480 l.
309 5432 351 5480 31.
381 5446 413 5480 ex
440 5423 512 5490 acto]
540 5429 556 5477 l.
583 5446 606 5494 q.
632 5445 664 5478 ex
689 5437 765 5488 sctu;
793 5435 887 5478 exacto
913 5426 952 5477 ed.
975 5436 998 5476 et
1023 5425 1117 5476 dfrcrrsi.
1156 5425 1164 5484 ll
1203 5427 1219 5476 l.
1247 5413 1288 5476 40.
1315 5427 1348 5477 dc
1375 5422 1517 5492 quidquid]
1542 5428 1576 5478 sic
1601 5427 1639 5477 ed.
1663 5436 1685 5476 et
1710 5426 1805 5477 dfanai.

106 5539 133 5577 rs
151 5521 167 5570 l.
189 5523 230 5571 43.
259 5515 384 5586 liquidas]
405 5527 463 5584 post
480 5518 524 5568 boc
542 5518 639 5567 verdum
657 5517 814 5567 desideratur
833 5533 908 5580 ques.

262 5719 291 5788 1)
316 5719 354 5774 D.
381 5721 409 5774 4.
436 5717 507 5775 Nor.
532 5739 560 5774 a.
585 5738 616 5793 p.
644 5715 710 5774 Car.
737 5717 810 5772 683.
