4448 6226
692 352 771 408 nex
793 353 1097 414 nsrooruoauu
1120 357 1187 425 xn,
1206 355 1236 426 e,
1256 358 1283 413 1.
1749 349 1813 413 429

161 545 250 617 Era]
292 536 419 602 XVIII.
455 537 500 603 Ut
523 538 696 604 ludeorum
722 543 809 606 servi
832 542 972 608 necdum
996 543 1103 608 adhuc
1127 545 1287 626 conversi,
1312 545 1340 608 si
1363 542 1405 608 ad
1430 543 1551 609 Christi
1574 546 1714 631 gratiam
1738 565 1831 610 con-.

374 643 567 726 volaverint,
590 643 740 712 libertate
764 647 935 714 donentur.
1720 673 1722 678 ’

190 769 335 835 XVHII.
375 770 424 835 Ne
441 769 535 835 Iudei
558 771 832 838 administratorio
857 797 918 840 usu
935 774 995 840 sub
1012 773 1125 840 ordine
1140 775 1310 840 vilicorum
1328 785 1425 862 atque
1442 785 1587 842 actorum
1605 775 1814 841 christianam

373 876 529 942 familiam
553 899 668 964 regere
693 877 852 964 audeant3
878 891 910 945 et
932 881 974 946 de
998 881 1125 946 damnis
1150 905 1271 963 eorum,
1301 883 1356 969 qui
1380 882 1430 946 his
1453 881 1532 948 talia
1556 882 1737 948 ordinanda
1766 884 1813 947 in-

373 985 549 1050 iunxerint.

256 1109 334 1175 XX.
374 1109 420 1175 Ut
442 1109 563 1175 Iudens
587 1133 629 1176 ex
652 1110 725 1175 aliis
748 1113 926 1198 provinciis
950 1113 1002 1177 vel
1026 1113 1195 1178 territoriis
1223 1113 1265 1177 ad
1294 1115 1388 1200 regni
1417 1116 1520 1180 nostri
1550 1113 1712 1180 dicionem
1742 1137 1814 1202 per·

373 1215 550 1282 tinentibus
574 1219 710 1282 veniens
741 1219 895 1306 episcopo
925 1218 988 1284 loci
1019 1218 1072 1284 vel
1103 1219 1264 1296 sacerdoti
1295 1243 1330 1284 se
1360 1231 1548 1307 presentare
1578 1243 1644 1286 non
1667 1220 1813 1304 differat3

372 1323 426 1388 vel
449 1323 528 1411 quid
551 1324 627 1390 huic
649 1326 684 1389 in
707 1334 774 1390 toto
798 1324 974 1415 observare
998 1327 1181 1392 conveniat.

236 1448 331 1514 XXI.
373 1447 521 1529 Qualiter
544 1472 721 1515 concursus
744 1448 919 1516 Iudeorum
943 1449 1059 1515 diebus
1082 1451 1236 1515 institutis
1260 1451 1301 1516 ad
1327 1452 1516 1539 episcopum
1538 1452 1610 1532 fieri
1634 1451 1761 1518 debeat.

115 1601 141 1640 ιο
221 1573 333 1639 XXII.
373 1573 419 1640 Ut
449 1575 645 1661 quicumque
676 1574 814 1640 Iudeum
838 1598 949 1642 secum
984 1575 1218 1663 obsequentem
1247 1575 1408 1660 habuerit,
1439 1586 1613 1663 expetente
1645 1575 1813 1642 sacerdote

373 1703 447 1746 eum
471 1681 559 1768 apud
583 1703 618 1746 se
641 1682 782 1746 retinere
805 1705 870 1747 non
894 1681 1023 1748 audeat.

204 1805 335 1872 XXIII.
376 1805 422 1872 Ut
445 1829 525 1871 cura
548 1807 652 1871 omnis
677 1806 892 1894 distringendi
915 1807 1034 1873 Iudeos
1059 1807 1135 1873 solis
1160 1806 1384 1874 sacerdotibus
1409 1807 1577 1874 debeatur.

185 1929 332 1996 XXIIII.
371 1930 424 1995 De
456 1929 583 1995 damnis
618 1930 824 1996 sacerdotum
854 1932 907 1997 vel
942 1932 1097 2016 iudicum,
1134 1935 1189 2020 qui
1219 1935 1253 1998 in
1284 1932 1402 1998 ludeos
1433 1932 1542 2020 legum
1577 1935 1725 1998 instituta
1758 1932 1813 1998 ad-

371 2036 507 2141 implere
532 2037 726 2103 distulerint.

114 2189 140 2228 rs
223 2163 333 2227 XXV.
373 2161 423 2227 Ne
446 2162 572 2228 iudices
589 2164 764 2250 quicquam
781 2163 822 2228 de
839 2163 1036 2252 perfidorum
1054 2162 1244 2230 excessibus
1261 2176 1355 2230 extra
1371 2163 1576 2230 sacerdotum
1593 2163 1812 2230 conibentiam

371 2269 516 2334 iudicare
540 2282 737 2357 presumant.

205 2395 333 2460 XXVI.
373 2395 418 2461 Ut
441 2396 586 2482 episcopi
610 2406 687 2461 tunc
712 2397 861 2460 inmunes
885 2394 1067 2461 habeantur
1094 2420 1113 2461 a
1144 2396 1281 2478 damnis,
1313 2420 1387 2462 curn
1418 2420 1530 2463 eorum
1559 2395 1732 2484 presbiteri
1763 2418 1812 2478 ea,

371 2525 433 2589 que
457 2503 521 2590 ipsi
544 2525 610 2567 non
634 2514 855 2586 correxerunt,
880 2502 923 2567 ad
947 2526 1002 2568 eos
1026 2527 1091 2568 non
1114 2504 1297 2569 remiserint
1320 2503 1524 2590 corrigenda.

185 2626 331 2692 XXVII.
370 2627 423 2692 De
447 2639 615 2692 reservata
637 2625 839 2714 principibus
862 2627 1039 2692 miserendi
1062 2639 1222 2715 potestate
1246 2630 1280 2692 in
1303 2629 1364 2711 his,
1389 2629 1446 2715 qui
1470 2629 1619 2694 conversi
1642 2627 1685 2693 ad
1712 2625 1810 2692 fidem

111 2759 138 2800 ro
371 2733 492 2799 Christi
515 2735 677 2799 veraciter
699 2734 829 2798 fuerint.

167 2859 328 2924 XXVIII.
367 2859 413 2924 Ut
437 2860 583 2947 episcopi
606 2881 718 2924 onmes
733 2857 844 2924 Iudeis
867 2859 909 2924 ad
933 2883 967 2924 se
991 2858 1229 2946 pertinentibus
1252 2857 1398 2925 libellum
1421 2860 1507 2925 hunc
1531 2858 1572 2924 de
1597 2860 1663 2924 suis
1688 2857 1810 2924 editum

370 2966 534 3032 erroribus
557 2967 697 3048 tradant,
723 2977 755 3031 et
777 2977 813 3031 ut
835 2967 1054 3053 professiones
1085 2989 1196 3032 eorum
1220 2966 1272 3031 vel
1303 2965 1504 3032 conditiones
1535 2966 1569 3031 in
1599 2967 1727 3031 scriniis
1758 2987 1809 3030 ec·

370 3073 467 3138 clesie
492 3074 643 3139 condant.

154 3279 242 3350 aaa]
751 3279 774 3334 1.
813 3279 855 3334 nv
878 3278 1031 3335 uolnus
1055 3277 1209 3334 nonum.
1561 3251 1565 3258 ’
1827 3281 1978 3354 x11,a,1.

108 3399 136 3440 2⁶
613 3385 781 3442 snxvrus
806 3385 1026 3442 euoxrosus
1051 3385 1234 3442 assuerus
1258 3386 1349 3441 sax.

154 3502 214 3567 De
246 3503 638 3568 commemoratione
671 3503 906 3589 priscarum
941 3499 1093 3586 legum,
1130 3525 1206 3588 que
1241 3503 1282 3565 in
1312 3500 1533 3565 Iudeorum
1568 3511 1808 3586 transgres-

155 3608 348 3674 sionibus
386 3608 648 3697 promulgate
688 3619 797 3691 sunt,
837 3619 960 3695 atque
1001 3608 1047 3672 de
1086 3607 1255 3673 novella
1294 3607 1619 3672 confirmatione
1658 3628 1806 3672 earum.

260 3733 392 3800 Perfida
414 3732 542 3799 Iudaici
565 3735 683 3799 erroris
708 3756 785 3820 sepe
810 3733 970 3798 calliditas
995 3757 1033 3799 eo
1055 3733 1280 3798 vehementius
1305 3733 1449 3798 durescit
1479 3735 1513 3796 in
1543 3733 1688 3814 crimine,
1719 3731 1807 3818 quod

154 3842 308 3906 institutis
337 3853 449 3906 contra
480 3863 515 3906 se
546 3839 673 3927 legibus
703 3842 816 3936 qititur
845 3841 1045 3927 frequentius
1076 3841 1246 3920 contraire.
1300 3841 1343 3904 Et
1373 3839 1457 3920 ideo,
1489 3839 1566 3904 licet
1595 3840 1731 3926 posituri
1761 3849 1808 3903 tot

109 3973 137 4012 so
155 3949 318 4035 tantisque
343 3971 455 4014 eorum
479 3947 642 4012 erroribus
665 3948 819 4012 novitatis
844 3947 956 4013 ordine
980 3946 1080 4033 leges,
1112 3946 1190 4011 libet
1213 3957 1323 4012 tamen
1346 3946 1418 4011 illas
1448 3948 1588 4033 primum
1618 3968 1638 4009 a
1668 3944 1808 4010 dominis

157 4067 188 4120 et
211 4055 455 4142 precessoribus
478 4055 597 4120 nostris
621 4054 842 4142 promulgatas
866 4056 900 4118 in
924 4077 1035 4118 eorum
1058 4055 1315 4140 transgressione
1341 4053 1609 4118 constitutionesl
1637 4051 1807 4117 intendere

157 4173 189 4227 et
212 4162 386 4228 ordinatim
409 4161 654 4249 precedentium
679 4161 787 4225 edicta
809 4171 969 4242 retexere,
997 4171 1032 4225 ut
1057 4183 1098 4225 ex
1122 4160 1183 4225 hoc
1208 4159 1337 4225 conlata
1365 4183 1440 4226 cum
1463 4157 1628 4224 veteribus
1659 4181 1746 4224 nova
1776 4171 1809 4224 et

262 4419 279 4468 1.
294 4421 317 4468 1.
337 4419 360 4468 si
378 4417 445 4468 deest
464 4415 525 4468 ΕΙ.
545 4417 603 4468 118.
626 4416 635 4478 l]
658 4418 674 4468 1.
688 4419 713 4467 3.
731 4411 885 4481 vilicorum]
905 4416 942 4466 ito
961 4415 1029 4478 ΕΙ;
1049 4414 1202 4466 villicorum
1222 4423 1276 4466 cett.
1314 4415 1487 4466 christianam
1500 4409 1640 4479 familiam]
1660 4414 1807 4464 christiana

155 4508 321 4573 mancipia
339 4507 396 4556 118.
429 4507 438 4569 l]
469 4507 486 4557 1.
507 4507 531 4556 8Ι
560 4508 700 4558 observari
717 4505 774 4556 VS.
807 4505 815 4565 l]
848 4507 864 4556 l.
884 4508 908 4556 9.
937 4507 966 4555 in
985 4505 1080 4555 diebus
1100 4505 1171 4555 Mad.
1204 4503 1212 4564 l]
1244 4506 1261 4555 1.
1282 4506 1323 4555 13.
1351 4505 1443 4555 Iudeis
1468 4504 1596 4554 instituta
1622 4502 1712 4569 legum
1739 4501 1766 4554 Ε
1783 4506 1806 4554 1.

109 4597 172 4650 sal.
193 4598 234 4648 15.
263 4590 419 4662 quicquam]
438 4596 474 4646 ita
493 4594 554 4646 ΕΙ.
575 4596 638 4657 118;
665 4596 827 4660 quicumque
849 4593 921 4645 naa.
977 4596 1134 4645 conibentia
1158 4595 1220 4644 118.
1253 4593 1261 4654 l]
1294 4595 1372 4646 111.
1402 4587 1535 4659 episcopi]
1556 4609 1649 4644 omnes
1668 4592 1729 4643 odd.
1749 4593 1806 4643 118.

154 4685 222 4736 Ru.
266 4685 506 4736 11101101111011.
553 4701 612 4736 cum
632 4679 733 4748 eornm]
753 4701 847 4735 eorum
867 4701 949 4750 quum
969 4683 1041 4734 llud.
1084 4678 1236 4749 presbiteri]
1255 4681 1336 4748 pbros
1356 4683 1384 4732 E
1397 4686 1426 4745 15
1446 4679 1517 4748 pbris
1538 4682 1562 4730 V
1571 4683 1594 4731 8,
1621 4680 1630 4742 l]
1655 4681 1674 4732 1.
1689 4683 1729 4732 19.
1751 4697 1806 4732 ser-

153 4782 217 4826 vata
236 4775 294 4825 118.
314 4774 385 4826 ulau.
423 4775 457 4825 ad
472 4776 489 4824 f.
506 4773 568 4825 Chr.
584 4775 709 4824 conversi
724 4773 795 4824 Mad.
828 4773 836 4832 l]
868 4775 884 4823 1.
905 4776 947 4823 21.
976 4773 1101 4823 omnibus
1121 4772 1191 4823 llud.
1225 4771 1233 4832 l]
1265 4774 1281 4824 1.
1302 4776 1344 4824 22.
1373 4767 1411 4836 ut]
1433 4773 1477 4822 cui
1498 4771 1559 4822 ΕΙ.
1592 4769 1601 4830 l]
1633 4773 1650 4822 1.
1669 4773 1711 4822 23.
1741 4787 1804 4822 con·

154 4859 228 4928 dant]
248 4865 397 4914 recondant
416 4863 504 4925 Mad.,·
524 4863 676 4914 condantur
694 4863 762 4912 ltu.

259 4973 413 5032 xl1,s,1.
460 4971 537 5022 Codd.
563 4970 591 5020 Ε
609 4972 631 5022 Ι.
658 4971 720 5020 Vl.
748 4972 771 5021 5.
801 4967 851 5032 (6).
878 4971 902 5020 8.
931 4967 966 5029 (9.
995 4972 1036 5020 10.
1064 4971 1105 5020 16.
1132 4969 1187 5031 20).
1220 4993 1252 5005 -
1284 4971 1300 5021 1.
1321 4972 1363 5020 24.
1392 4971 1430 5020 IN
1454 4969 1486 5019 N.
1510 4969 1598 5018 DOM.
1622 4969 1672 5018 dar.
1695 4967 1756 5017 Vl.
1781 4969 1805 5018 5.

107 5075 135 5114 40
153 5062 170 5113 1.
190 5063 232 5113 25.
260 5063 315 5112 FL.
337 5085 368 5095 -
389 5061 461 5110 Rex
480 5060 530 5110 des.
551 5060 607 5110 115.
663 5060 768 5110 GLOR.
787 5059 854 5110 theat
873 5059 929 5108 11].
961 5059 969 5118 ᾖ,
1002 5060 1018 5108 l.
1038 5061 1080 5110 28.
1109 5059 1253 5110 Perfidiam
1273 5059 1335 5120 118;
1355 5059 1474 5110 Perfidia
1494 5058 1567 5108 1110.
1623 5051 1697 5123 sepe]
1724 5065 1805 5122 atque

159 5151 184 5200 V
200 5153 240 5202 10.
304 5145 386 5215 quod]
404 5150 440 5200 itu
460 5149 523 5199 ΕΙ.
544 5149 600 5199 Vs.
620 5151 651 5210 8;
678 5165 730 5213 qno
750 5157 803 5198 cett.
837 5149 844 5208 l]
877 5149 894 5199 1.
914 5151 956 5199 28.
985 5147 1049 5197 licet
1073 5147 1139 5198 111011
1164 5147 1232 5198 Istra.
1296 5149 1426 5214 posituris
1452 5163 1500 5212 pro
1527 5152 1567 5197 tot
1593 5146 1661 5208 1’83
1688 5147 1805 5211 posituri

154 5242 237 5291 simus
259 5247 301 5290 tot
326 5239 414 5298 Mau·
440 5239 555 5304 posituri
580 5239 663 5288 simus
688 5255 738 5303 pro
764 5245 806 5288 tot
831 5237 854 5286 V
871 5239 911 5288 ΙΟ.
944 5239 952 5294 l]
984 5237 1063 5287 131.
1092 5237 1347 5302 praedecessoribus
1367 5236 1438 5287 Mad.
1494 5231 1691 5302 promulgatas]
1717 5234 1805 5284 dietas

154 5328 327 5396 promulgare
347 5335 374 5379 et
397 5328 467 5378 Mod.
523 5328 784 5392 transgressionibus
805 5327 867 5386 1’8;
894 5327 1137 5392 transgressionem
1156 5325 1228 5378 diod.
1283 5326 1424 5377 Intendere
1445 5320 1481 5388 et]
1503 5325 1657 5376 intenderet
1676 5323 1704 5374 E
1722 5326 1750 5385 13
1777 5330 1805 5374 et

153 5418 218 5469 deest
240 5417 311 5468 Mod.
343 5417 352 5476 l]
384 5417 400 5467 1.
421 5419 463 5468 32.
492 5425 519 5468 et
539 5411 693 5479 ordinatim]
723 5423 748 5466 et
774 5416 925 5466 ordinatum
952 5415 975 5462 V
991 5418 1020 5475 8;
1047 5416 1246 5480 ordinatimque
1266 5433 1315 5466 nos
1335 5415 1406 5466 ulad.
1463 5410 1562 5478 edictu]
1589 5415 1708 5464 edictum
1735 5413 1804 5472 118;

107 5520 135 5560 tt
154 5515 262 5574 oportet
279 5507 340 5558 odd.
360 5507 431 5558 Mad.
478 5517 505 5558 et
524 5515 617 5557 vetera
635 5507 685 5556 olea.
705 5505 776 5556 ,trau

263 5725 292 5796 l)
319 5725 371 5782 Til.
397 5725 425 5781 2.
450 5724 530 5782 breiaco
553 5723 625 5782 libri.
