4448 6226
415 297 479 359 454
895 302 975 358 LEX
999 300 1301 357 i'ISIGOTHORL'M
1325 300 1391 368 XII,
1410 299 1439 366 3,
1458 298 1509 354 26.
1537 291 1587 354 21.

226 497 295 568 xll,
308 496 393 568 1120.
413 497 502 567 Etru]
522 487 653 552 diversa
672 488 743 552 loca
763 488 815 552 vel
838 489 1000 552 territoria
1024 489 1199 568 constituti,
1218 499 1314 574 prout
1329 487 1551 573 unusquisque
1569 496 1764 550 conventum
1781 484 1960 548 Iudcorunr
1977 483 2019 547 ad
2036 506 2069 546 se

413 597 576 682 pertinere
608 597 813 681 cognoverit,
846 594 1024 660 secundum
1056 596 1153 659 totius
1183 595 1393 658 institutionis
1423 604 1531 657 nostre
1562 592 1694 657 decreta
1724 614 1779 656 eos
1810 591 2008 676 distringere
2039 601 2070 654 et

414 725 566 767 coercere
597 725 663 766 non
692 700 831 765 differat.
885 702 935 765 Ea
966 724 1061 784 veru,
1096 724 1159 788 que
1190 700 1231 765 ab
1266 702 1346 788 ipsis
1377 701 1583 787 nequiverint
1619 701 1753 785 corrigi,
1790 698 1833 763 ad
1869 699 2069 785 agnitionem

413 810 572 896 principis
596 819 694 895 atque
719 809 907 894 pontificum
932 807 1137 873 emendanda
1159 807 1332 890 reducant,
1365 810 1476 894 sicque
1500 807 1564 888 fiet,
1596 819 1631 871 ut
1654 807 1829 871 constituta
1854 805 1975 870 damna
2005 827 2068 868 non

414 916 508 994 ierat,
533 918 561 979 si
584 917 650 980 suis
675 918 813 1002 quisque
834 915 896 979 hec
913 915 1121 1002 pontificibus
1138 916 1329 979 innotescat.
1364 914 1520 1001 Episcopi
1538 936 1667 1000 quoque
1684 914 1746 1000 ipsi
1763 925 1840 978 tunc
1858 913 2097 978 constitutums

413 1045 479 1088 non
502 1024 685 1110 percipient
709 1021 873 1104 damnum,
899 1022 1029 1108 quando
1054 1023 1101 1086 cis
1125 1023 1249 1086 crimen
1272 1021 1383 1086 talium
1407 1044 1472 1086 non
1495 1021 1592 1086 fuerit
1615 1044 1675 1108 per
1698 1020 1844 1085 subditos
1873 1020 2066 1084 nuntiatum.

226 1277 395 1350 11111121.
413 1281 501 1352 11111]
789 1280 914 1337 XXVII.
956 1280 1124 1338 FLAVIL'S
1149 1279 1369 1338 GLORIOSUS
1393 1279 1577 1336 ERVIGIUS
1601 1279 1691 1333 REX.

413 1414 473 1479 Dc
504 1424 726 1478 reservata
756 1413 1026 1501 principibus
1057 1414 1286 1478 miserendi
1317 1417 1551 1500 potestatel
1582 1414 1621 1476 in
1652 1411 1732 1492 bis,
1769 1413 1839 1498 qui
1871 1413 2067 1476 conversi

820 1519 868 1584 ad
898 1519 1024 1585 fidem
1056 1519 1217 1588 Christi
1247 1521 1462 1585 veraciter
1491 1520 1660 1584 fuerint.

521 1663 618 1727 Hanc
642 1685 719 1726 sane
743 1664 993 1749 preceptionum
1016 1663 1226 1749 multiplicem
1252 1661 1464 1748 diligentiam,
1489 1685 1586 1749 quarn
1611 1662 1766 1726 ordinatis
1794 1661 1888 1726 lineis
1920 1663 2066 1748 superius
2085 1685 2106 1724 u

414 1773 539 1835 intuto
565 1768 717 1834 disseruit
740 1781 851 1834 nostra
874 1770 1042 1848 serenitas,
1067 1768 1263 1856 ubicumque
1287 1771 1435 1856 superius
1459 1770 1655 1834 offensorum
1680 1768 1792 1855 culpas
1823 1771 1868 1833 ita
1898 1767 2066 1832 moderare

416 1876 633 1958 decrevimus,
657 1886 694 1940 ut
718 1886 833 1940 exutos
858 1875 955 1940 rebus
979 1875 1039 1940 sub
1064 1899 1198 1940 erumna
1222 1876 1312 1942 exilii
1331 1877 1520 1962 religamus:
1545 1875 1629 1940 hanc
1645 1874 1739 1940 nobis
1755 1876 1809 1940 vel
1826 1873 2066 1939 successoribus

415 1983 533 2048 nostris
562 1982 740 2047 miserendi
769 1981 933 2046 licentiam
964 2005 1183 2064 reservamuS,
1215 1993 1263 2065 ut,
1296 1985 1322 2047 si
1353 1983 1548 2070 quandoque
1580 2006 1598 2047 a
1628 1982 1752 2069 laqueis
1785 1982 1957 2047 diabolicis
1988 1985 2067 2068 eripi

416 2091 597 2176 contigerit,
629 2099 661 2154 et
690 2088 903 2176 probabiliter
932 2091 966 2153 iu
996 2101 1143 2154 sanctam
1166 2090 1360 2155 Trinitatem
1391 2089 1599 2172 crediderint,
1630 2089 1756 2176 hocque
1787 2089 1851 2154 illis
1883 2089 2066 2154 sacerdotes

416 2196 467 2261 vel
498 2196 634 2278 iudices,
666 2198 701 2260 in
733 2219 870 2283 quorum
901 2197 1069 2261 territoriis
1101 2197 1232 2282 degunt,
1264 2198 1483 2261 testimonium
1514 2196 1665 2277 dixerint,
1698 2209 1795 2282 atquo
1826 2219 1928 2283 opera
1959 2219 2067 2260 eorum
2083 2217 2105 2258 rs

416 2327 490 2368 cum
513 2301 659 2368 veridico
683 2325 794 2368 eorum
819 2305 1002 2368 testimonio
1028 2302 1307 2386 concordaverint,
1332 2305 1393 2368 erit
1422 2302 1516 2368 nobis
1547 2305 1729 2390 nostrisque
1761 2303 2006 2368 successoribus
2035 2305 2066 2366 in

416 2411 466 2476 his
491 2423 522 2476 et
546 2411 665 2476 talibus
690 2421 722 2476 et
744 2411 921 2475 miserendi
944 2423 1054 2475 votum
1079 2421 1111 2474 et
1131 2409 1298 2474 'efficiendi
1321 2412 1539 2498 propositum,
1564 2409 1597 2474 id
1622 2421 1680 2492 est,
1705 2421 1749 2491 ut,
1769 2421 1941 2497 postquam
1959 2433 2066 2475 eorum

416 2519 574 2606 professio
615 2541 688 2584 cum
727 2517 936 2583 iurisiurandi
975 2517 1190 2582 adtestatione
1236 2519 1326 2603 regio
1371 2518 1529 2604 agnitioni
1574 2517 1742 2598 claruerit,
1785 2517 1909 2582 licitum
1952 2516 2067 2581 lrabeat

416 2625 605 2712 principalis
629 2627 734 2712 pietas
759 2637 790 2690 et
821 2623 918 2688 rebus
949 2647 1004 2689 eos
1033 2625 1148 2688 iterum
1177 2625 1334 2689 revestire
1365 2635 1397 2689 et
1427 2623 1469 2688 ab
1500 2623 1671 2689 exiliorum
1701 2624 1872 2710 ergastulis
1902 2646 2066 2688 revocare.

416 2733 487 2798 lam
509 2755 598 2814 vero,
624 2734 651 2795 si
676 2733 748 2818 quis
773 2733 897 2812 exeis,
922 2741 1093 2817 postquam
1118 2753 1152 2795 se
1177 2731 1340 2818 professus
1364 2731 1462 2796 fuerit
1485 2731 1707 2816 christianum,
1732 2730 1774 2796 ad
1798 2732 1916 2796 erroris
1948 2732 2067 2818 proprii
2084 2753 2105 2792 a

525 3003 587 3062 XII,
611 3006 635 3063 3,
659 3005 700 3053 26.
744 3003 761 3054 1.
791 3005 812 3052 l.
849 3005 995 3054 constituta
1020 3003 1082 3053 ΕΙ.
1109 3006 1133 3054 8.
1206 3009 1287 3069 prout
1312 2999 1506 3069 uuusquisque]
1535 3003 1570 3054 ad
1595 3005 1810 3067 uniuscuiusque
1837 3003 1905 3065 Ε8;
1931 3003 1982 3054 des.
2007 3004 2031 3052 V
2045 3007 2066 3053 5.

417 3099 570 3145 conventus
595 3093 620 3141 V
635 3095 658 3142 5.
685 3093 756 3143 Mod.
807 3086 852 3156 ad]
879 3109 959 3158 quem
986 3093 1020 3143 ad
1046 3091 1108 3143 Ε5,
1140 3090 1150 3154 1Ι
1181 3093 1198 3145 l.
1219 3095 1242 3144 2.
1272 3095 1452 3159 cognoverint
1477 3093 1501 3141 V
1517 3096 1540 3143 1.
1590 3086 1776 3156 institutionis]
1796 3093 1984 3144 instructionis
2003 3093 2067 3143 ltu.

418 3183 557 3233 decretum
583 3182 606 3229 V
621 3185 645 3231 8.
695 3182 863 3248 destringere
891 3181 919 3230 Ε
936 3184 965 3242 Ι;
992 3183 1179 3246 constringere
1199 3181 1268 3232 ltu.
1317 3176 1353 3245 et]
1381 3182 1418 3232 ito
1444 3181 1471 3232 Ε
1488 3185 1512 3232 Ι.
1539 3181 1623 3241 ltus
1648 3179 1693 3231 vel
1711 3189 1766 3232 cett.
1798 3179 1807 3240 l]
1838 3181 1901 3232 13.
1930 3177 2066 3244 coercere]

419 3273 555 3338 corrigere
576 3270 643 3320 Pitlr.
691 3265 806 3334 differat]
832 3271 869 3320 ita
895 3269 922 3320 Ε
941 3273 969 3330 l;
996 3270 1123 3321 differant
1141 3279 1194 3320 cett.
1244 3265 1423 3336 agnitionem]
1451 3271 1488 3321 ito
1512 3270 1540 3321 Ε
1558 3273 1581 3320 1.
1607 3269 1669 3320 ΕΙ.
1696 3271 1720 3320 5.
1748 3271 1772 3320 8.
1801 3273 1840 3322 10.
1868 3269 1954 3332 Pitlr.,·
1979 3273 2069 3338 cogni-

419 3363 521 3412 tionem
549 3360 621 3410 Mad.
659 3357 669 3421 ΙΙ
707 3360 723 3410 l.
743 3361 768 3409 4.
803 3355 945 3425 principis]
973 3365 1132 3410 nostram
1158 3360 1220 3410 Ε8.
1293 3360 1429 3426 pontificis
1457 3360 1480 3407 V
1496 3362 1519 3409 1.
1546 3361 1569 3410 5.
1596 3362 1621 3410 8.
1694 3355 1835 3423 reducant]
1864 3360 1978 3411 redeant
2004 3360 2108 3410 Rura

419 3446 474 3512 fiet]
503 3450 549 3500 liat
575 3449 598 3498 V
616 3452 638 3499 Ι.
665 3451 690 3498 8.
737 3444 895 3511 constituta]
921 3450 1047 3500 instituta
1072 3449 1135 3498 ΕΙ.
1161 3451 1186 3499 8.
1231 3443 1296 3512 nou]
1323 3450 1375 3498 sic
1401 3449 1464 3499 ΕΙ.
1491 3451 1516 3500 5.
1542 3452 1566 3499 8.
1599 3449 1608 3509 11
1639 3449 1656 3500 l.
1676 3451 1700 3499 5.
1729 3443 1806 3512 ferat]
1830 3449 1868 3499 ita
1894 3449 1922 3498 Ε
1940 3453 1963 3500 Ι.
1989 3449 2071 3510 Itos,-

419 3541 557 3607 perferant
580 3547 634 3589 cett.
688 3539 712 3588 si
738 3539 805 3593 suis,
820 3539 935 3602 quisque
961 3539 1011 3588 hec
1031 3533 1214 3603 pontificibus]
1240 3540 1263 3588 si
1289 3539 1344 3588 suis
1370 3539 1484 3602 quisque
1510 3543 1581 3604 pont.
1607 3537 1635 3588 Ε
1654 3540 1676 3588 l.
1702 3537 1788 3599 Ρ111ι.,·
1812 3540 1835 3588 si
1854 3541 1912 3590 suis
1931 3542 2069 3604 unusquis-

419 3645 472 3694 que
492 3630 559 3680 haec
579 3633 652 3693 pont.
672 3627 761 3688 Mod.;
785 3628 838 3677 sibi
858 3628 974 3691 quisque
1000 3627 1049 3677 hec
1076 3628 1152 3694 pati
1178 3626 1359 3678 fidelibus
1385 3627 1454 3689 Vl;
1480 3628 1533 3677 sibi
1554 3628 1666 3692 suisque
1693 3627 1743 3678 hoc
1770 3629 1827 3693 pati
1852 3627 1978 3678 fidelibus
2004 3629 2028 3676 V
2041 3629 2070 3688 8;

419 3724 450 3769 ut
467 3719 545 3769 novis
564 3717 718 3782 nostrisque
737 3715 863 3767 fidelibus
890 3717 942 3767 hoc
968 3718 1024 3781 pati
1050 3715 1113 3766 Vs.
1169 3717 1346 3767 coustitutum
1365 3741 1400 3751 -
1419 3711 1556 3778 damnum]
1585 3720 1664 3766 erunt
1689 3717 1821 3766 immunes
1847 3733 1864 3766 a
1883 3718 1982 3768 damno
2001 3717 2070 3768 Mae.

419 3800 608 3869 coustitutum]
633 3806 671 3857 ito
696 3805 724 3855 Ε
742 3808 765 3855 1.
790 3804 815 3853 V
831 3808 871 3855 10,
899 3804 983 3867 Ρ111.;
1008 3806 1163 3856 institutum
1188 3805 1213 3854 V
1229 3809 1251 3855 1.
1278 3806 1302 3855 5.
1330 3807 1353 3855 8.
1386 3802 1395 3865 ΙΙ
1427 3806 1487 3856 to.
1516 3801 1677 3870 percipient]
1701 3807 1855 3871 percipiant
1874 3805 1931 3856 Vi.
1955 3809 1986 3870 53
2014 3823 2070 3873 per·
2087 3814 2109 3854 st

419 3892 535 3965 ciperiut
560 3895 584 3944 V
600 3897 625 3946 8.
680 3897 783 3945 crimen
810 3889 913 3958 talium]
940 3893 1121 3946 criminalium
1147 3893 1222 3956 1313
1249 3892 1402 3945 criminalia
1426 3902 1456 3944 ut
1479 3893 1606 3944 siderare
1631 3894 1772 3946 molestum
1791 3893 1867 3954 Pisa„
1893 3904 1917 3946 ct
1941 3897 1978 3946 ita
2000 3897 2070 3962 infra

417 3987 520 4038 tuerint
538 4011 574 4019 -
592 3985 724 4036 nuntiata.
772 4000 820 4049 per
839 3978 972 4047 subditos]
992 4001 1009 4034 a
1026 3983 1142 4034 subditis
1162 3983 1220 4034 Vl.
1239 3985 1264 4035 8.

526 4093 588 4152 xil,
613 4095 638 4152 3,
662 4094 704 4143 27.
751 4091 828 4142 Uodd.
855 4090 883 4140 Ε
900 4093 923 4140 1.
949 4091 1011 4140 Vl.
1039 4093 1063 4142 5.
1090 4093 1114 4142 8.
1142 4087 1210 4154 (10).
1243 4115 1274 4124 -
1306 4091 1323 4140 1.
1341 4091 1365 4142 ’1.
1397 4091 1451 4140 PL.
1477 4115 1510 4124 —
1535 4090 1607 4140 REX
1632 4089 1683 4140 des.
1709 4090 1733 4138 V
1749 4093 1772 4140 Ι.
1798 4093 1823 4141 8.
1855 4089 1864 4152 ΙΙ
1895 4091 1958 4143 18.
1986 4108 2070 4142 reser-

420 4177 492 4246 vata]
514 4181 551 4231 ito
577 4180 604 4230 Ε
623 4185 645 4230 Ι.
672 4180 758 4242 11111.;
782 4188 891 4231 servata
909 4188 963 4231 cett.
1016 4180 1162 4230 miserandi
1189 4179 1216 4230 Ε
1234 4183 1256 4230 l.
1289 4177 1298 4240 l]
1330 4180 1347 4231 l.
1368 4181 1408 4230 10.
1438 4181 1497 4230 Hac
1516 4195 1582 4230 sane
1608 4186 1815 4246 praeceptorum
1840 4179 1987 4245 multiplici
2012 4179 2070 4231 dili-

419 4272 513 4336 gentia
538 4270 609 4320 Mad.
665 4286 730 4321 sana
749 4264 832 4335 pree]
857 4285 952 4320 sacrae
979 4271 1181 4335 praeceptionis
1201 4269 1317 4320 1111111
1335 4277 1410 4330 mtu,
1435 4269 1464 4319 ia
1482 4268 1593 4335 stargina
1618 4277 1647 4318 ut
1671 4286 1758 4334 supra
1813 4268 1983 4336 diligentiam
2008 4271 2072 4320 deest
2087 4275 2109 4317 11

427 4360 489 4410 Ε5.
545 4354 635 4421 lineis]
664 4359 791 4409 titulis
818 4359 842 4407 V
857 4361 881 4409 5.
913 4359 922 4419 ΙΙ
954 4359 971 4408 l.
992 4360 1033 4408 ΙΙ.
1062 4354 1129 4422 toto]
1156 4365 1215 4410 toto
1241 4359 1307 4409 orbe
1333 4358 1396 4408 Vl.
1423 4360 1447 4408 5.
1473 4359 1498 4408 8.
1553 4353 1694 4422 disseruit]
1713 4359 1833 4410 decrevit
1852 4359 1924 4410 illud.
1980 4367 2071 4410 nostra

420 4443 565 4512 serenitas]
597 4455 687 4498 nostre
717 4448 872 4499 serenitatis
900 4448 1024 4497 subiecto
1053 4447 1078 4496 Ε
1094 4452 1116 4498 l.
1145 4450 1170 4498 5.
1199 4450 1223 4498 8.
1290 4446 1426 4498 moderari
1454 4446 1522 4496 Pitlz.
1553 4447 1621 4496 Mod.
1663 4445 1672 4506 ΙΙ
1713 4449 1730 4498 1.
1756 4449 1795 4498 12.
1830 4446 1985 4514 relegemus
2010 4449 2071 4498 Vl.

421 4538 437 4588 1.
459 4539 499 4588 13.
532 4532 704 4602 quandoque]
731 4537 907 4603 quiscumque
933 4535 996 4585 Vl.
1024 4538 1055 4599 83
1082 4553 1277 4602 quemeumque
1297 4519 1368 4587 Mad.
1416 4553 1432 4586 a
1451 4531 1567 4600 laqueis]
1592 4535 1664 4586 alam
1690 4551 1760 4602 quae
1786 4537 1827 4588 bis
1853 4536 1882 4586 Ε
1899 4540 1922 4588 Ι.
1970 4537 2071 4590 diaboli

422 4621 471 4689 eis]
499 4625 614 4677 diabolis
641 4629 680 4676 eis
707 4625 734 4675 Ε
752 4629 781 4687 1;
809 4625 954 4676 diabolicis
981 4625 1067 4686 111111..Ι
1093 4625 1238 4676 diabolicis
1265 4642 1312 4676 eos
1339 4627 1362 4673 V
1378 4628 1425 4688 103
1451 4624 1555 4676 diaboli
1582 4642 1614 4676 ex
1640 4627 1680 4675 eis
1705 4634 1758 4676 sert.
1814 4621 1948 4692 resipisci]
1974 4628 2071 4694 respici

422 4714 450 4764 Ε
468 4719 496 4777 l;
523 4717 591 4781 eripi
611 4715 679 4765 Itu.
711 4713 720 4776 l]
752 4716 768 4766 1.
790 4717 830 4765 14.
859 4715 965 4780 hocque
985 4711 1050 4779 illis]
1074 4715 1126 4766 hoc
1151 4729 1174 4778 qr
1198 4714 1254 4765 illis
1280 4714 1308 4764 Ε
1326 4717 1433 4776 tahon
1459 4715 1533 4780 quod
1551 4712 1604 4764 illis
1625 4713 1709 4776 Rus
1734 4715 1785 4764 hoc
1812 4715 1845 4766 de
1870 4715 1926 4766 illis
1954 4717 2017 4768 Vl.
2043 4719 2071 4778 83
2088 4723 2112 4762 to

422 4805 473 4854 hoc
500 4804 572 4869 quod
599 4805 632 4854 de
658 4803 714 4854 illis
740 4805 803 4855 Vs.
829 4804 901 4854 Mod.
957 4799 1023 4868 illis]
1051 4811 1128 4855 eruut
1152 4804 1213 4855 odd.
1239 4805 1302 4854 Ε8.
1343 4803 1351 4864 l]
1392 4805 1409 4855 1.
1431 4806 1471 4854 15.
1506 4799 1621 4868 degunt]
1647 4805 1749 4869 degant
1773 4805 1798 4852 V
1814 4808 1837 4855 1.
1864 4807 1888 4855 8.
1946 4801 2071 4868 dixerint]

423 4894 583 4944 aduexerint
609 4893 680 4944 Mod.
712 4891 721 4952 ΙΙ
753 4894 770 4944 1.
791 4894 831 4943 16.
859 4888 1098 4956 concordaverint]
1118 4894 1331 4958 adprobaveriut
1350 4892 1518 4944 concordare
1538 4891 1609 4942 suad.
1641 4891 1650 4954 ΙΙ
1682 4893 1699 4942 1.
1721 4895 1761 4944 11.
1790 4899 1818 4944 et
1841 4890 1953 4957 talibus]
1981 4897 2072 4945 aetati-

422 4983 473 5032 bus
499 4982 528 5032 Ε
545 4985 568 5032 Ι.
595 4981 663 5032 Ru.
695 4982 704 5043 l]
735 4983 752 5032 1.
774 4985 814 5032 18.
843 4982 977 5048 professio
997 4977 1068 5046 cum]
1088 4983 1243 5048 praecessio
1264 4983 1307 5031 cui
1327 4981 1395 5043 Ε1;
1422 4983 1578 5048 praecessio
1601 4980 1669 5031 Pitlr.
1719 4977 1903 5046 iurisiurandi]
1921 4985 2073 5034 iuramento

423 5071 495 5122 Mad.
536 5072 745 5122 adtestationem
772 5069 799 5120 Ε
817 5073 846 5132 13
872 5078 920 5121 aut
939 5073 1087 5122 testatione
1106 5071 1178 5121 Mod.
1224 5066 1369 5137 agnitioni]
1390 5071 1427 5120 ito
1445 5071 1533 5131 Maa.,·
1557 5071 1704 5137 agnitionis
1731 5071 1758 5120 Ε
1775 5073 1797 5121 l.
1824 5070 1908 5132 Ptu.,·
1935 5075 2075 5124 actioni

430 5159 492 5209 Vl.
519 5162 549 5221 5;
575 5161 692 5210 actionis
718 5159 742 5208 Ε
757 5161 781 5210 8.
827 5155 937 5222 habeat]
966 5161 1018 5210 erit
1044 5159 1106 5210 Vs.
1133 5161 1156 5209 8.
1189 5159 1198 5221 11
1230 5161 1247 5210 1.
1269 5162 1309 5212 te.
1337 5158 1480 5226 principali
1506 5161 1609 5226 pietate
1635 5159 1705 5221 V53
1732 5160 1887 5226 principalis
1908 5169 2075 5226 potestas
2091 5167 2115 5207 11

424 5249 495 5299 iliad.
551 5244 608 5311 eos]
636 5265 729 5299 eorum
754 5249 778 5297 V
793 5251 817 5300 5.
844 5251 867 5300 8.
924 5251 1047 5300 revestiri
1072 5248 1097 5298 V
1113 5251 1142 5310 1;
1168 5251 1291 5300 investiri
1317 5248 1386 5308 Ε8;
1412 5249 1540 5299 investire
1561 5248 1631 5298 Mad.
1688 5248 1822 5314 ergastulo
1850 5249 1922 5300 Mau.
1979 5253 2075 5302 iterum

424 5339 548 5390 rovocari
574 5339 598 5386 V
614 5340 643 5398 13
672 5340 795 5388 revocari
820 5338 884 5392 Ε8.
924 5336 933 5398 l]
973 5339 991 5389 l.
1010 5340 1053 5389 20.
1089 5339 1172 5389 fuerit
1197 5355 1256 5390 esse
1285 5338 1340 5388 chr.
1370 5337 1440 5387 Mad.
1501 5339 1601 5388 erroris
1629 5338 1673 5387 sui
1702 5337 1772 5388 Mad.
1831 5341 1936 5406 proprii
1968 5342 2078 5393 redierit

425 5422 567 5489 vomitum]
588 5429 730 5493 pristinum
749 5427 860 5478 redierit
878 5429 1008 5478 vomitum
1028 5427 1084 5478 Vl.
1104 5429 1120 5477 5
1140 5429 1165 5478 8.

537 5661 565 5731 1)
591 5661 639 5734 os.
663 5681 754 5738 supra
775 5662 824 5732 vr,
848 5663 874 5731 1,
897 5662 926 5718 c.
