4372 6254
363 365 404 427 36
984 370 1062 423 LEX
1086 366 1399 424 VISIGOTHORUIII.

271 541 272 544 ‘
363 567 564 638 aecana-n
963 566 1015 620 uu
1040 563 1417 620 rasusnorroumus.

1005 679 1140 742 LIBER
1164 677 1373 758 QUINTUS.

524 806 550 870 Ι.
576 805 720 869 Titulus:
744 804 797 868 De
822 803 1051 868 ecclesiasticis
1075 801 1183 866 rebus.

508 913 552 975 II.
577 910 721 974 Titulus:
745 910 798 974 De
823 907 1051 974 donationibus
1075 906 1293 994 generalibus.

493 1019 552 1082 III.
579 1017 723 1081 Titulus:
748 1015 800 1080 De
825 1027 1033 1101 patronorum
1058 1011 1296 1078 donationibus.

474 1125 550 1188 IIII.
575 1123 719 1186 Titulus:
744 1123 797 1185 De
822 1118 1125 1186 commutationibus
1150 1131 1182 1183 et
1205 1118 1456 1184 venditionibus.

510 1231 550 1293 V.
576 1229 720 1292 Titulus:
744 1228 797 1291 De
822 1225 1057 1291 commendatis
1081 1237 1114 1289 et
1137 1225 1359 1290 commodatis.

490 1336 548 1399 VI.
574 1334 718 1398 Titulus:
742 1334 795 1396 De
820 1331 1009 1419 pigneribus
1034 1342 1067 1395 et
1090 1331 1218 1395 debitis.

473 1442 549 1505 VII.
574 1441 717 1506 Titulus:
742 1439 794 1502 De
819 1437 1021 1503 libertatibus
1047 1449 1078 1501 et
1101 1436 1235 1500 libertis.

871 1633 923 1686 DE
948 1631 1183 1687 SCELERIBUS
1208 1631 1258 1685 ET
1281 1631 1516 1686 TORIIE'NTIS.

1021 1745 1156 1809 LIBER
1179 1745 1365 1810 SEXTUS.

529 1875 554 1938 I.
580 1873 724 1937 Titulus:
748 1872 801 1935 De
827 1869 1088 1935 accusationibus
1113 1869 1367 1933 criminosorum.

513 1981 556 2043 II.
580 1979 724 2043 Titulus:
748 1978 801 2040 De
826 1977 981 2040 maleficis
1006 1987 1038 2040 et
1061 1975 1303 2040 consulentibus
1327 1999 1382 2039 eos
1407 1975 1513 2062 adque
1537 1976 1703 2040 veneficis.

496 2086 557 2149 III.
581 2085 724 2148 Titulus:
750 2083 802 2148 De
828 2081 1068 2147 excutientibus
1091 2091 1219 2168 parturn
1243 2081 1419 2145 hominum.

476 2192 553 2255 IIII.
579 2191 722 2255 Titulus:
747 2189 799 2254 De
824 2189 1028 2270 contumelio,
1052 2188 1186 2251 vulnero
1211 2199 1242 2250 ct
1266 2187 1488 2252 debilitatione
1512 2188 1687 2254 hominum.

514 2299 554 2360 V.
569 2297 722 2362 ⁴Titulus:
747 2296 799 2360 De
825 2295 904 2359 cede
929 2306 961 2358 et
983 2307 1085 2358 morte
1111 2293 1285 2357 homiuum.

932 2491 983 2544 DE
1008 2488 1147 2544 FURTIS
1171 2490 1221 2544 ET
1245 2487 1459 2544 FALLACIIS.

998 2603 1133 2667 LIBER
1158 2603 1390 2668 SEPTIMUS.

530 2731 556 2795 I.
581 2730 724 2794 Titulus:
750 2729 802 2793 De
826 2727 988 2792 indicibus
1012 2727 1098 2792 furti.

514 2837 557 2903 II.
582 2836 726 2900 Titulus:
751 2835 803 2898 De
827 2834 952 2898 furibus
976 2846 1008 2898 et
1031 2834 1135 2898 furtis.

496 2943 557 3006 III.
582 2942 726 3006 Titulus:
751 2941 803 3004 De
826 2938 1072 3026 usurpatoribus
1097 2952 1129 3004 et
1151 2937 1385 3026 plagiatoribus
1409 2940 1653 3026 mancipiorum.

477 3049 554 3113 IIII.
579 3047 722 3112 Titulus:
746 3047 799 3111 De
823 3046 971 3111 custodia
994 3056 1026 3110 et
1049 3047 1209 3110 sententia
1232 3045 1467 3110 damnatorum.

516 3155 555 3218 V.
580 3153 722 3217 Titulus:
747 3153 799 3217 De
823 3153 962 3216 falsariis
987 3153 1229 3237 scripturarum.

495 3261 552 3324 VI.
577 3260 720 3323 Titulus:
746 3259 798 3323 De
822 3259 960 3322 falsariis
985 3257 1198 3324 metallorum.

825 3455 877 3508 DE
900 3453 1056 3508 INLATIS
1081 3453 1303 3508 VIOLENTIIS
1329 3455 1378 3507 ET
1403 3455 1561 3508 DAMNIS.

1007 3568 1142 3630 LIBER
1166 3567 1386 3632 OCTAVUS.

532 3695 557 3757 I.
582 3693 725 3759 Titulus:
750 3693 802 3756 De
825 3691 1050 3756 invasionibus
1074 3703 1106 3755 et
1129 3691 1374 3776 direptionibus.

512 3801 554 3863 U.
580 3799 723 3864 Titulus:
748 3799 800 3862 Dc
824 3798 984 3862 incendiis
1009 3809 1041 3862 et
1064 3796 1299 3861 incensoribus.

494 3907 555 3970 III.
580 3905 724 3969 Titulus:
749 3905 801 3967 De
826 3904 952 3967 damnis
977 3902 1139 3982 arborum,
1164 3913 1306 3968 ortorum
1330 3915 1362 3967 et
1385 3904 1515 3990 frugum
1539 3883 1825 3992 quarumcumque.

476 4013 552 4075 IIII.
577 4010 721 4075 Titulus:
746 4009 799 4073 De
824 4009 950 4072 damnis
975 4008 1161 4072 animalium
1185 4009 1237 4073 vel
1262 4007 1464 4073 diversarum
1488 4033 1606 4074 rerum.

512 4117 553 4180 V.
578 4115 721 4179 Titulus:
746 4115 798 4178 De
823 4115 995 4200 pascendis
1019 4117 1126 4200 porcis
1151 4127 1183 4179 et
1206 4114 1399 4179 animalibus
1424 4115 1653 4180 denuntiandis
1678 4115 1870 4181 errantibus.

492 4223 550 4285 VI.
576 4221 718 4285 Titulus:
744 4221 796 4284 De
820 4219 935 4307 apibus
960 4235 1126 4284 eteorum
1151 4220 1287 4285 damnis.

843 4416 894 4470 DE
919 4414 1116 4470 FUGITIVIS
1142 4417 1190 4469 ET
1214 4416 1539 4473 REEUGIENTIBUS.

1032 4531 1166 4594 LIBER
1189 4530 1349 4595 NONUS.

529 4655 554 4718 I.
579 4653 722 4717 Titulus:
746 4653 798 4717 De
822 4652 968 4738 fugitivis
993 4664 1025 4716 et
1048 4652 1300 4717 occultatoribus
1323 4655 1498 4740 fugamque
1522 4655 1742 4740 proventibus.

511 4759 554 4822 II.
579 4758 722 4822 Titulus:
746 4758 799 4822 De
823 4759 883 4842 his,
908 4761 964 4844 qui
987 4759 1030 4822 ad
1053 4758 1172 4822 bellurn
1196 4783 1261 4822 non
1284 4760 1407 4824 vadunt
1430 4771 1486 4824 aut
1510 4761 1549 4824 de
1575 4760 1659 4826 bello
1683 4763 1856 4849 refugiunt.

496 4865 557 4928 III.
581 4864 724 4928 Titulus:
749 4864 801 4928 De
826 4865 885 4946 his,
910 4866 965 4950 qui
990 4865 1032 4928 ad
1056 4863 1208 4928 eclesiam
1233 4867 1432 4951 oonfirgiunt.

474 5085 490 5133 l.
507 5085 529 5132 l.
549 5083 573 5131 2.
593 5083 635 5131 De
655 5105 687 5114 -
708 5082 818 5147 quietus
837 5098 907 5130 aran.
927 5081 950 5130 It
965 5085 987 5130 1.
1012 5079 1020 5139 ll
1043 5083 1059 5131 I.
1074 5084 1098 5131 6.
1118 5077 1209 5143 vend]
1230 5083 1445 5134 vindictionibus
1466 5083 1489 5132 a
1502 5085 1533 5144 2;
1554 5085 1764 5136 bindittiouibus
1785 5085 1811 5134 E
1822 5089 1845 5136 2.

474 5173 490 5220 l.
505 5173 547 5220 to.
564 5169 724 5220 isceleribus
738 5169 796 5218 121.
817 5167 826 5227 11
847 5170 863 5219 l.
876 5172 916 5219 13.
934 5169 1138 5221 consulentibus
1151 5170 1176 5219 B
1187 5175 1209 5219 l.
1245 5172 1334 5234 adque
1347 5173 1475 5222 veneticis
1488 5173 1538 5221 des.
1551 5173 1575 5222 lt
1588 5177 1613 5234 1;
1628 5191 1651 5222 a.
1666 5174 1699 5224 dc
1713 5191 1737 5223 v.
1751 5173 1776 5224 B
1786 5175 1810 5224 2.
1832 5173 1840 5232 11
1861 5175 2014 5226 11113011-

368 5261 499 5308 tientibus
520 5257 588 5318 1:13
609 5259 807 5308 escutientibus
829 5257 889 5307 Ea.
926 5265 1005 5323 partu
1024 5258 1087 5308 Bl.
1111 5257 1119 5317 ll
1142 5259 1159 5308 l.
1175 5261 1215 5308 15.
1236 5259 1435 5310 contumelioso
1455 5261 1517 5311 Rl.
1556 5260 1698 5312 debilitate
1718 5261 1780 5312 El.
2033 5273 2060 5310 40

474 5349 489 5397 1.
511 5349 553 5397 17.
578 5345 697 5396 falsariis
716 5345 778 5394 111.
802 5343 810 5402 11
834 5347 851 5395 I.
865 5347 906 5395 20.
925 5342 1040 5409 Iuribus]
1060 5347 1127 5396 furis
1146 5346 1208 5395 El.
1232 5345 1240 5404 11
1264 5347 1280 5396 I.
1294 5349 1336 5396 23.
1355 5349 1560 5412 iscripturarum
1581 5349 1642 5400 Ε2.

474 5436 490 5484 I.
504 5437 546 5484 25.
565 5435 608 5483 26.
634 5435 729 5483 De-
750 5441 863 5484 octavus
882 5451 951 5484 aaa.
970 5435 1032 5483 Bi.
1058 5433 1067 5495 11
1093 5435 1109 5484 l.
1130 5437 1172 5484 29.
1199 5436 1450 5486 0111111112131.
1476 5437 1485 5496 11
1511 5439 1527 5488 ἱ.
1543 5441 1583 5488 31.
1604 5438 1791 5490 denuntiantis
1809 5438 1871 5490 111.
1910 5449 1937 5490 et
1954 5440 2014 5491 add.

367 5523 429 5572 112.
450 5522 475 5570 E
487 5525 510 5572 1.

474 5612 490 5660 I.
511 5613 552 5659 35.
579 5611 802 5674 prevenientibus
826 5609 853 5658 E
869 5613 897 5671 13
924 5611 1146 5674 prebcnientibus
1168 5611 1228 5661 132.
1255 5611 1263 5671 11
1289 5613 1305 5660 t.
1326 5613 1367 5661 36.
1394 5609 1476 5674 bello]
1506 5613 1605 5663 bellum
1627 5613 1650 5663 R
1667 5617 1689 5663 1.
1716 5613 1724 5675 ΙΙ
1750 5615 1767 5665 1.
1787 5616 1829 5666 37.
1856 5617 2015 5683 confugium

366 5699 471 5748 faciunt
493 5699 550 5748 112.
572 5697 599 5747 1]
611 5701 639 5758 1;
659 5699 792 5764 refugium
812 5699 918 5748 faciunt
940 5697 964 5746 Ε
975 5700 999 5747 2.
2033 5716 2059 5754 so
