4372 6254
526 329 680 386 CODICIS
703 329 906 386 EURICIANI
928 329 1173 387 FRAGMENTA
1198 330 1271 388 279.
1298 331 1373 388 280.

483 515 561 581 bere
585 515 693 599 debet,
717 516 805 602 quod
827 539 893 580 non
915 539 975 603 per
998 539 1090 581 suam
1115 516 1255 606 culpa[m
1279 516 1375 606 mor]-

484 633 516 687 tc
541 636 766 709 consumptum
790 624 841 705 sit,
866 633 898 687 et
921 622 1001 686 nihil
1025 622 1174 712 cogatu[r
1197 624 1316 713 ansol]-

482 752 578 793 vere.¹
617 729 675 794 Sin
699 739 808 794 autem
830 730 964 793 nimium
989 729 1132 794 sedendo
1156 729 1222 818 vlel
1245 730 1363 820 fasces]

482 837 674 901 carricando
697 847 859 901 mortuum
882 837 989 920 fucrit,
1014 837 1173 924 eiusldem
1197 837 1276 926 me]-

480 945 535 1007 riti
559 943 721 1008 caballum
745 943 871 1008 reddat.
919 943 955 1008 Si
978 965 1056 1008 vero
1080 944 1167 1008 idem
1193 943 1328 1033 [praes]-

480 1051 557 1114 titus
581 1050 677 1116 alicui
702 1050 826 1137 aliquid
850 1049 1026 1115 debilitatis
1050 1051 1219 1141 int[ulerit]

482 1155 546 1244 [vel
570 1157 690 1236 damni,
715 1157 768 1221 ille
794 1169 965 1244 conponat,
990 1159 1046 1244 qui
1071 1181 1144 1222 eum
1168 1158 1257 1246 aput]

482 1263 527 1352 [se
552 1277 739 1351 susceptum
762 1264 915 1330 habuisse
940 1264 1140 1353 dinoscitur].

414 1441 625 1531 [CCLXXX.
672 1442 730 1509 Si1
755 1444 808 1508 cui
832 1467 955 1526 aurum,
984 1453 1154 1530 argentum
1181 1444 1234 1508 vel
1262 1443 1462 1534 ornamenta]
1481 1445 1721 1549 {inilriifff

480 1549 543 1638 [vel
567 1551 694 1637 speeies
717 1551 838 1614 fuerint
861 1551 1117 1634 commendatae,
1143 1553 1212 1616 sive
1237 1551 1433 1640 custodien]-

481 1657 554 1744 [dae
578 1658 717 1722 traditae
742 1659 811 1722 sive
834 1657 1039 1740 vendendae,
1064 1659 1153 1722 etin
1176 1643 1274 1723 domo
1296 1658 1409 1747 ipsius]

204 1789 411 1842 picaenum.
482 1763 566 1852 [cum
590 1763 687 1829 rebus
712 1767 781 1828 cius
804 1764 925 1829 fuerint
948 1765 1099 1829 incendio
1124 1765 1374 1854 concrematael,

482 1869 559 1958 [una
582 1870 669 1958 culm
692 1871 828 1936 testibus
853 1873 909 1957 qui
933 1872 1161 1936 commendata
1184 1895 1335 1960 suscepe-

482 1976 543 2065 [rat
566 1977 736 2066 p]raebeat
759 1989 1009 2061 sacramentum,
1033 1978 1114 2043 nihil
1138 1979 1258 2044 exinde
1296 2031 1299 2042 ,

481 2085 559 2172 [suis
582 2083 757 2173 p]rofuisse
782 2084 983 2172 conpendiis,
1007 2096 1040 2149 et
1062 2085 1143 2150 nihil
1166 2090 1325 2172 cogat<url

481 2190 686 2280 [exsol]vere,
712 2202 851 2278 excepto
875 2214 954 2256 auro
979 2203 1011 2256 et
1034 2203 1180 2278 argento,
1206 2193 1292 2280 quod

481 2298 619 2387 [ardere]
644 2322 709 2363 non
733 2301 845 2385 potuit.
894 2299 1036 2385 Siquis,
1061 2299 1138 2364 dum
1162 2300 1294 2364 domum
1317 2299 1408 2364 flam-

481 2405 555 2495 [ma]
582 2407 751 2488 consumit,
776 2429 810 2470 se
835 2408 930 2492 quasi
954 2407 1111 2470 auxilium
1134 2406 1264 2493 praebi-

480 2510 593 2601 [turus]
619 2514 809 2599 ingresserit
832 2526 865 2576 et
888 2513 1012 2599 aliquid
1034 2514 1117 2578 forto
1141 2537 1236 2600 rapu-

480 2619 562 2708 [erit,
587 2619 749 2708 dlominus
773 2620 888 2684 domus
912 2620 1086 2707 diligenter
1108 2621 1214 2706 inqui-

480 2727 550 2816 [rat‚
575 2725 620 2815 e]t
644 2728 672 2790 si
696 2749 770 2791 eum
793 2729 935 2813 potuerit
958 2728 1116 2807 invenire,
1141 2727 1205 2810 ille,
1230 2729 1286 2814 qui
1310 2752 1361 2792 ra·

478 2833 620 2922 [puerit],
644 2835 678 2897 in
702 2833 919 2920 quadruplum
943 2846 1038 2921 rapta
1061 2836 1239 2899 restituat2.
1286 2835 1330 2899 Et
1353 2837 1382 2900 si

116 3137 206 3184 morte
232 3137 406 3184 consumtum
429 3131 476 3198 sit,
502 3137 532 3185 et
554 3131 623 3184 nihil
647 3137 765 3200 cogatur
788 3130 930 3186 exolvere.
977 3128 1007 3184 Si
1030 3135 1126 3184 autem
1149 3130 1264 3184 nimium
1288 3131 1415 3185 sedendo
1431 3131 1477 3186 vel
1500 3130 1593 3186 fasces
1610 3131 1773 3186 carricando

118 3278 124 3290 .
153 3278 160 3291 .
187 3277 193 3290 .
218 3243 355 3292 mortuum
378 3236 476 3304 fuerit,
503 3238 629 3291 eiusdem
652 3238 745 3292 meriti
769 3236 879 3292 anioral
906 3279 912 3291 .
945 3278 951 3292 .
985 3280 990 3292 .
1022 3237 1159 3293 restituat.
1213 3236 1243 3292 Si
1274 3257 1339 3293 vcro
1369 3240 1519 3310 prestitum
1551 3238 1661 3294 aniruul
1689 3238 1772 3292 alicui

67 3365 97 3404 ss
117 3344 225 3414 aliquid
249 3343 406 3399 debilitatis
429 3344 558 3398 intulerit
574 3344 619 3398 vel
637 3345 741 3410 damni,
765 3343 813 3398 illc
830 3350 982 3414 conponat,
1000 3345 1127 3415 quicum
1144 3352 1214 3416 aput
1230 3364 1260 3400 se
1277 3354 1441 3417 susceptum
1457 3346 1589 3401 habuisse
1607 3347 1770 3400 dinoscitur.

162 3520 334 3576 CCLXXX.
371 3521 406 3576 L.
426 3520 483 3577 Vis.
503 3521 534 3590 V,
549 3521 578 3590 5,
594 3521 628 3575 3:
650 3521 679 3577 Si
702 3522 784 3576 alicui
808 3541 916 3589 aurum,
1018 3521 1052 3577 L.
1069 3521 1137 3578 Bai.
1158 3522 1207 3592 15,
1222 3521 1320 3577 2-5:
1339 3521 1368 3578 Si
1385 3524 1429 3578 cui
1446 3542 1544 3579 aurum
1560 3525 1606 3578 vel
1623 3530 1771 3594 argentum

117 3637 266 3701 argentum
301 3629 347 3685 vcl
381 3635 546 3683 ornamenta
580 3629 627 3683 vel
661 3630 771 3701 specics
810 3629 917 3684 fuerint
971 3629 1018 3684 vel
1040 3639 1205 3685 ornamenta
1228 3631 1274 3684 vel
1298 3641 1495 3702 quaecumque
1523 3631 1634 3702 speeies
1664 3631 1772 3686 fircrint

117 3737 315 3804 conmendate,
340 3737 399 3790 sivo
423 3737 610 3791 eustodiendo
635 3737 740 3790 tradite
765 3745 814 3790 aut
841 3736 915 3791 forte
971 3738 1186 3803 conmendatae,
1204 3738 1262 3792 sive
1279 3737 1484 3793 custodiendae
1496 3711 1624 3792 ‘traditae
1642 3738 1698 3791 sint
1711 3738 1769 3792 sive

116 3844 270 3910 vindende,
301 3843 330 3896 id
360 3843 383 3897 si
413 3843 542 3914 perierit,
570 3843 616 3898 vel
645 3844 675 3898 in
705 3845 787 3898 domo
817 3843 915 3914 ipsius,
969 3844 1151 3908 vendendae,
1177 3851 1206 3898 ct
1229 3845 1258 3898 in
1283 3845 1363 3900 domo
1387 3844 1475 3915 ipsius
1500 3863 1562 3898 eum
1581 3845 1666 3900 rebus
1683 3845 1770 3915 ipsius

68 3970 98 4010 so
117 3951 167 4020 qui
196 3951 323 4023 accepit,
360 3967 422 4004 eum
451 3951 538 4004 rebus
569 3952 629 4005 eius
662 3950 750 4005 fuerit
784 3951 915 4006 inccndio
970 3950 1087 4006 forsitan
1110 3951 1217 4005 fuerint
1240 3951 1372 4005 inccndio
1397 3959 1604 4018 concrematae,
1627 3969 1684 4006 uua
1707 3970 1770 4006 cum

116 4065 334 4124 concrematum,
358 4075 415 4112 una
438 4075 500 4112 cum
520 4058 642 4112 testibus
658 4056 752 4113 ueniat
767 4066 793 4113 et
807 4056 915 4114 breuem
970 4058 1092 4112 testibus
1123 4059 1171 4128 qui
1206 4060 1395 4114 conmendata
1429 4067 1596 4130 susceperat
1630 4058 1770 4131 praebeat
1799 4081 1802 4088 ’

117 4165 163 4220 det
185 4164 238 4234 ille,
264 4165 312 4236 qui
335 4166 524 4220 conmendata
546 4171 721 4235 susceperat,
747 4173 777 4218 et
792 4165 914 4236 prebeat
969 4173 1162 4234 sacramenta,
1198 4165 1267 4219 nihil
1298 4167 1400 4221 exinde
1431 4167 1488 4220 suis
1519 4157 1658 4237 profuisse
1694 4184 1768 4220 com·

117 4279 331 4339 sacramentum,
363 4271 440 4346 qtsod
459 4272 528 4326 nihil
553 4272 654 4327 exinde
679 4261 736 4325 suis
762 4272 916 4342 profuisset
968 4273 1097 4343 pendiis,
1134 4280 1163 4327 ct
1197 4273 1267 4327 nihil
1297 4281 1415 4343 cogatur
1448 4274 1612 4340 exsolvere,
1649 4279 1769 4344 excepto

117 4379 292 4450 conpendiis,
324 4386 353 4436 et
376 4379 445 4433 nihil
472 4387 589 4451 cogatur
620 4379 762 4446 exolvere,
794 4387 914 4450 excepto
970 4396 1037 4434 auro
1061 4385 1091 4434 et
1115 4387 1244 4451 argento,
1275 4381 1351 4450 quod
1374 4382 1476 4435 ardere
1500 4397 1556 4434 non
1586 4382 1691 4452 potuit.
1739 4379 1768 4435 si

70 4509 98 4550 ³5
118 4503 214 4541 aurum
238 4493 268 4542 et
298 4493 456 4558 argentam,
488 4487 563 4557 quod
594 4487 694 4541 ardere
723 4504 778 4541 uon
809 4487 913 4557 potuit.
970 4487 1032 4557 quis
1056 4486 1148 4556 forte,
1180 4488 1245 4541 dum
1276 4488 1387 4541 domurn
1415 4487 1526 4542 flamma
1557 4488 1705 4555 consumit,
1737 4505 1768 4542 sc

117 4593 156 4646 Et
179 4594 201 4647 si
225 4595 298 4664 quis,
328 4595 394 4648 dum
424 4596 535 4648 domum
564 4593 674 4648 flamma
704 4594 851 4661 consumit,
883 4613 913 4648 se
969 4594 1049 4664 quasi
1079 4594 1211 4648 auxilium
1239 4593 1389 4650 adlaturus
1417 4595 1570 4666 ingesserit
1602 4601 1631 4649 et
1662 4594 1768 4666 aliquid

117 4701 198 4770 qussi
220 4701 351 4755 auxilium
374 4701 537 4772 prebiturus
567 4701 717 4772 ingesserit
748 4707 777 4756 ct
808 4700 913 4770 aliquid
969 4700 1042 4754 forte
1073 4702 1214 4770 rapuerit,
1246 4701 1378 4754 dominus
1403 4703 1500 4755 domus
1536 4702 1691 4773 diligenter
1723 4703 1766 4756 in-

116 4807 190 4862 forte
225 4808 368 4880 rapuerit,
400 4809 527 4862 dominus
558 4809 655 4862 domus
686 4807 841 4878 diligenter
871 4809 912 4861 in·
969 4807 1072 4878 quirat,
1104 4815 1134 4862 et
1164 4809 1187 4862 si
1219 4825 1281 4862 eum
1311 4809 1438 4878 potuerit
1469 4809 1608 4876 invenire,
1640 4809 1687 4864 ille
1719 4809 1784 4880 qui¹

117 4916 221 4986 quirat,
252 4922 283 4969 et
306 4915 329 4969 si
356 4933 419 4970 eum
449 4915 576 4970 invenire
606 4915 742 4986 potuerit,
775 4915 834 4983 illc,
866 4915 912 4985 qni
967 4922 1103 4986 rapuerat
1125 4915 1153 4968 in
1179 4916 1367 4986 quadruplum
1390 4922 1473 4987 rapta
1496 4917 1640 4971 restituat.
1683 4918 1721 4971 Et
1744 4918 1767 4970 si

69 5043 98 5082 ιο
117 5023 254 5094 rapuerit,
277 5023 306 5076 in
330 5023 517 5094 quadruplum
540 5029 622 5093 rapta
645 5023 788 5076 restituat.
827 5023 866 5076 Et
889 5023 912 5076 sl

118 5197 272 5204 .---

223 5315 437 5365 CCLXXVIIII.
474 5315 491 5365 l.
505 5317 530 5364 4.
549 5308 631 5376 idem]
650 5313 695 5374 ita,
714 5321 744 5363 ut
761 5313 867 5375 ridetur,
886 5330 906 5363 c.
930 5311 939 5372 ll
962 5315 978 5364 l.
993 5316 1017 5364 5.
1037 5310 1192 5380 praestitus]
1208 5313 1334 5380 sortasse:
1354 5309 1535 5380 [praealtitum
1553 5331 1574 5363 c.

223 5403 377 5455 CCLXXX.
421 5405 438 5454 l.
459 5405 499 5454 18.
525 5404 682 5468 ingresserit
700 5420 720 5453 c.
735 5421 785 5468 pro
803 5403 963 5467 ingesserit;
989 5403 1092 5469 quidam
1116 5403 1208 5453 mdices
1226 5403 1300 5470 Leqw
1317 5404 1393 5454 Bet.-
1419 5405 1586 5468 ingrcdierit,
1605 5404 1765 5468 ingreditur.

225 5587 254 5657 1)
281 5585 330 5659 Cf.
353 5586 419 5643 ibid.
438 5606 471 5661 p.
490 5585 626 5661 alosqq.
720 5583 750 5656 2)
775 5585 873 5641 Poena
891 5577 1051 5660 'praee-opu
1067 5605 1126 5661 pro
1141 5605 1174 5642 re
1189 5604 1225 5642 aa
1240 5585 1370 5642 iaemdio
1380 5585 1489 5655 furata
1506 5605 1541 5642 ex
1557 5584 1619 5642 iure
1634 5585 1766 5642 Romano

68 5719 96 5760 rs
113 5705 226 5772 sumpta
250 5703 297 5752 est.
347 5692 396 5765 Os.
421 5693 488 5770 Dip.
513 5692 642 5762 XLVII,
660 5692 689 5762 9,
709 5692 737 5748 1.
