4372 6254
793 389 872 441 LEX
896 387 1210 444 VISIGOTHORUM.

180 583 274 635 Reos.
283 580 371 650 ΕΜ]
386 583 438 636 ΒΕ
451 580 715 637 DIVISIONIBUS
728 583 780 636 ET
792 553 988 638 ANNORUM
1000 581 1250 638 TEMPORIBUS
1263 581 1399 646 ADQUE
1412 581 1622 638 LIMITIBUS.

821 696 956 759 LIBER
978 694 1191 760 DECIMUS.

340 821 365 884 Ι.
391 820 535 884 Titulus:
559 820 612 884 De
637 819 852 884 divisionibus
876 830 908 883 et
932 820 1025 883 terris
1050 819 1091 882 ed
1116 819 1271 905 placitum
1296 819 1391 883 datis.

323 926 366 990 Il.
392 926 535 990 Titulus:
560 925 612 989 ΒΘ
638 926 908 1012 quinquagenarii
933 935 964 990 et
987 924 1174 989 tricenna-lis
1199 926 1353 1010 temporis
1377 925 1564 990 intentione.

146 1055 160 1095 s
307 1033 366 1096 Ill.
391 1032 534 1096 Titulus:
559 1032 611 1095 De
635 1032 782 1095 terminis
806 1041 838 1095 et
861 1029 1026 1094 limitibus.

316 1236 368 1290 ΒΕ
392 1234 561 1290 EGROTIS
585 1237 636 1289 ET
660 1234 834 1291 MORTUIS
858 1234 995 1299 ADQUE
1019 1233 1309 1291 TRANSMARINIS
1333 1235 1690 1290 Nsseo'rm'rolusus

787 1349 922 1412 LIBER
945 1349 1221 1414 UNDECIMUS.

340 1475 365 1538 l.
391 1475 534 1539 Titulus:
558 1474 611 1538 ΒΘ
635 1474 771 1538 medicis
795 1484 827 1538 et
851 1473 981 1559 egrotis,

323 1581 367 1644 ΙΙ.
392 1580 536 1644 Titulus:
561 1580 612 1643 ΒΘ
636 1579 861 1666 inquietudine
885 1579 1115 1665 sepulcrorum.

132 1679 159 1748 ro
307 1687 367 1750 ΠΙ.
393 1686 536 1750 Titulus:
561 1685 613 1749 ΒΘ
637 1687 862 1749 transmarinis
885 1685 1152 1771 negotiatoribus.

241 1891 293 1944 DE
317 1888 570 1945 REMOVENDIS
595 1888 802 1945 PRESSURIS
826 1890 876 1943 ET
902 1889 1059 1945 OMNIUM
1083 1889 1368 1946 HERETICORUM
1392 1890 1523 1946 SECTIS
1548 1888 1769 1945 EXTINCTIS.

573 1974 575 1980 ’
773 2005 909 2068 muns
932 2003 1244 2069 oeconomus.

340 2129 366 2192 l.
391 2127 535 2191 Titulus:
560 2129 613 2192 De
636 2127 848 2213 temperando
872 2127 993 2191 iudicio
1017 2138 1050 2192 et
1072 2128 1272 2194 removenda
1294 2151 1456 2214 pressura.

323 2234 367 2297 11.
392 2233 533 2297 Titulus:
558 2234 610 2297 ΒΘ
624 2235 766 2298 omnium
779 2233 994 2297 hereticorum
1006 2232 1292 2319 adqueIudeorum
1304 2235 1428 2298 cunctis
1439 2234 1601 2298 erroribus
1613 2234 1829 2319 amputandis,

132 2350 382 2402 senecensem.
446 2348 534 2417 Era]
577 2339 638 2403 ΠΙ.
663 2339 807 2403 Titulus:
837 2339 890 2403 ΒΘ
913 2338 1049 2402 novellis
1073 2338 1200 2424 legibus
1217 2340 1401 2422 iudeorum,
1434 2363 1497 2425 quo
1522 2351 1554 2404 et
1577 2351 1689 2402 vetera
1716 2340 1829 2402 confir-

837 2455 965 2509 mantur
989 2455 1021 2508 et
1043 2467 1129 2508 nova
1152 2445 1280 2509 adiecta
1303 2456 1387 2509 sunt.

286 2647 341 2696 tl.
361 2645 552 2695 etdecstli2.
573 2644 634 2695 El.
672 2661 803 2694 annorum
823 2649 850 2694 et
870 2644 936 2705 1223
957 2659 1018 2694 ann.
1032 2643 1144 2694 deestE
1154 2647 1178 2694 2.
1217 2644 1413 2709 aquosas
1422 2648 1474 2694 let
1489 2645 1525 2694 ito
1538 2646 1617 2709 iissre.
1637 2643 1645 2700 l}
1664 2645 1680 2694 l.
1692 2643 1828 2694 extr.

178 2735 196 2784 l.
210 2737 235 2784 4.
255 2735 497 2800 quinquagenariis
516 2733 541 2782 Il
555 2735 579 2783 2.
600 2732 627 2782 Ε
637 2734 668 2796 2;
688 2733 910 2798 quinqnaffl'narii
929 2733 992 2782 Ill.
1029 2734 1187 2783 tricennarii
1208 2733 1275 2796 1213
1295 2732 1460 2784 trecennulis
1482 2733 1508 2782 Ε
1518 2736 1542 2783 2.
1580 2734 1748 2798 temporibus
1766 2732 1791 2781 B
1806 2736 1828 2780 1.

179 2821 242 2873 Ε2.
279 2818 340 2884 int]
361 2824 484 2872 tentione
503 2823 566 2872 ΕΙ.

128 2928 159 2967 20
286 2911 338 2961 ll.
357 2911 397 2960 XI
416 2911 441 2960 R
456 2914 479 2961 l.
499 2909 531 2960 Ε.
554 2909 563 2969 il
586 2913 603 2960 l.
617 2912 642 2960 9.
662 2910 862 2975 iniquietudine
881 2909 906 2958 R
919 2911 943 2958 2.

286 3001 303 3049 l.
314 3002 354 3049 ll.
369 3000 530 3050 ereticorum
542 2999 568 3048 lt
578 3001 602 3049 2.
617 2998 644 3047 E
650 3001 675 3048 2.
714 2999 840 3048 extinctis
853 2998 919 3047 deest
931 2997 955 3046 ll
967 3000 990 3050 1.
1010 2997 1018 3058 ll
1037 2999 1053 3046 l.
1064 3000 1105 3047 1⁶2.
1118 2998 1171 3047 XII
1184 2997 1209 3047 B
1221 3001 1243 3047 1.
1259 2997 1290 3046 Ε.
1309 2999 1317 3058 ll
1336 3000 1353 3048 l.
1364 3001 1404 3048 13.
1418 2999 1548 3048 iudicium
1565 2997 1591 3046 Ε
1600 3001 1621 3046 1.
1641 2997 1649 3054 ll
1668 2998 1683 3046 l.
1694 2999 1735 3046 14.
1750 2998 1828 3046 creti-

178 3103 273 3137 oorum
293 3087 362 3149 Bm
383 3088 508 3138 essetis
528 3089 654 3137 extinctis
674 3086 736 3136 Ε2.
775 3087 897 3136 eroribus
917 3086 979 3135 Ill.
1016 3087 1068 3134 ΙΙΙ.
1088 3088 1140 3136 Tit.
1162 3113 1193 3119 -
1213 3082 1286 3148 sunt]
1307 3087 1332 3135 rt
1346 3089 1370 3136 2.
1393 3085 1423 3135 E.
1445 3087 1453 3144 l
1474 3088 1490 3135 l.
1508 3088 1546 3135 15.
1567 3087 1714 3155 ludeorum
1733 3083 1793 3133 El.
1868 3073 1869 3078 ¹
