4372 6254
888 301 1124 357 PRAEFATIO,
1749 307 1835 361 XXV

294 494 324 555 V
342 495 394 557 20.
446 493 553 556 (tedes
576 491 608 554 S.
634 491 835 554 Iohannis
863 491 1055 555 Toletani
1084 491 1247 572 (editionis
1270 491 1467 556 Matritensis
1491 493 1548 556 ‘EI
1571 494 1676 558 codice
1704 494 1741 556 de
1766 492 1834 556 San

177 600 261 664 Inan
296 600 334 664 de
370 601 416 662 los
450 598 597 685 Reues’),
633 623 713 661 terrac
749 598 931 683 cleperditue
967 599 1024 684 (cf.
1062 598 1208 662 ‘Archia’
1243 597 1340 677 VIII,
1372 624 1409 684 p.
1445 600 1535 683 245).
1597 600 1761 664 Lectiones
1796 625 1837 663 en

176 707 313 771 editione
337 709 449 792 recepi.

284 815 336 877 IIi
355 828 427 877 suut
448 801 587 891 codices,
605 837 735 898 qnorum
761 837 817 897 ope
833 813 999 876 editionem
1017 815 1219 898 paranimus,
1236 813 1318 875 nIios
1334 815 1513 892 continentes,
1528 815 1610 878 sicut
1625 814 1833 896 Haunienses,

139 922 217 986 ade
241 924 353 1007 ossibus
377 923 422 1008 cf.
447 920 554 984 Wiida
581 923 611 983 in
636 919 761 983 ‘Itheia
787 919 931 983 Museo-m
947 921 1013 1006 ftr'r
1036 918 1278 1003 Iurisprudcnz'
1304 918 1377 996 VII,
1394 945 1432 1003 p.
1450 919 1523 981 266.
1551 921 1625 982 269.
1651 921 1715 982 276
1732 946 1777 1006 eq.
1804 937 1833 986 et

185 1029 294 1106 Waitz,
317 1027 464 1091 ‘Archiv'
490 1026 562 1107 VII,
580 1028 709 1112 ]).162.
738 1028 808 1091 166,
829 1028 901 1088 719.
922 1027 995 1105 725,
1020 1040 1047 1089 et
1070 1026 1254 1089 Vaticanum
1275 1025 1388 1089 (k'hrist.
1415 1027 1593 1112 rep.1049,
1617 1052 1696 1090 saec.
1715 1027 1830 1093 XVII.

287 1136 380 1212 Qrcetd
408 1138 516 1198 attinet
544 1134 590 1197 ad
617 1137 788 1214 rationem,
824 1157 886 1218 quea
917 1134 1103 1196 <diuisionem
1137 1133 1276 1196 codicum
1312 1135 1519 1212 instituimus,
1557 1133 1593 1196 id
1625 1136 1723 1196 solum
1752 1138 1835 1221 fieri

169 1245 286 1329 ornarit,
319 1257 350 1304 ut
380 1257 440 1306 tras
471 1243 547 1306 illae
579 1243 659 1304 Iibri
687 1241 787 1327 leptim.
811 1241 944 1326 formae
967 1240 1008 1318 R,
1033 1239 1073 1318 Ε,
1100 1239 1128 1300 V
1147 1239 1420 1325 distinpuerentur.
1476 1240 1638 1304 Familiae
1669 1255 1769 1304 autem
1805 1256 1834 1305 et

175 1364 346 1428 stenmtuta,
373 1363 405 1412 ut
427 1353 471 1412 ita
492 1349 608 1428 dicam,
632 1348 774 1411 codicum
792 1361 824 1409 ut
840 1350 1082 1425 instituerentur,
1100 1348 1182 1431 ¹tisri
1195 1370 1253 1408 nou
1276 1349 1388 1430 proterit.
1405 1371 1475 1409 curn
1492 1347 1680 1432 plerumque
1697 1348 1830 1428 serdices,

127 1480 154 1518 ιο
176 1459 235 1541 quei
257 1457 416 1532 normuliis
440 1457 518 1519 Iocis
542 1469 687 1519 actcurate
711 1479 778 1518 cum
804 1455 881 1517 aliis
898 1456 1091 1532 conretu'unt,
1108 1454 1185 1516 aliis
1202 1454 1279 1517 Iocis
1295 1455 1334 1516 ab
1351 1453 1420 1517 illis
1437 1455 1650 1540 discrepantes
1668 1479 1736 1517 euru·
1753 1456 1831 1518 abiis

175 1563 368 1626 concordent.
410 1562 530 1626 Mirum
555 1565 590 1624 ia
606 1561 728 1624 modium
747 1564 840 1624 etiam
857 1563 971 1645 optimi
984 1574 1012 1624 et
1027 1562 1246 1644 antiquissiuu'
1259 1560 1381 1622 codices
1400 1563 1478 1622 inter
1493 1585 1525 1623 se
1542 1575 1569 1624 et
1584 1585 1652 1624 erem
1670 1561 1832 1624 codicibus

174 1673 388 1733 recensionum
420 1670 612 1755 inferiorum
644 1671 677 1732 in
709 1669 892 1731 lectionibus
915 1667 1003 1730 hacid
1032 1667 1125 1730 ‹Ietlu'e
1157 1667 1312 1729 rreerrdosis
1342 1670 1537 1747 eoureuiunt,
1569 1670 1613 1731 ita
1645 1682 1677 1730 ut
1706 1668 1831 1731 easdem

176 1777 320 1840 lectiones
351 1801 498 1840 erroneas
528 1779 593 1838 iam
625 1777 864 1859 antiquissimus
899 1788 927 1836 et
960 1775 1153 1836 authenticus
1188 1788 1285 1836 tecua
1319 1774 1464 1836 habuisse
1500 1774 1654 1838 videatur.
1714 1773 1829 1859 Saepe-

173 1907 302 1946 numero
329 1885 407 1946 inter
430 1907 462 1946 se
486 1882 676 1945 concordant
697 1881 774 1943 121.
800 1883 830 1944 2.
855 1881 889 1942 Ε
903 1882 933 1960 2,
963 1881 1117 1944 interdum
1143 1882 1245 1968 strapis
1269 1880 1335 1942 B2
1361 1895 1388 1942 et
1410 1880 1443 1942 E
1460 1882 1488 1960 1,
1513 1905 1586 1944 mon
1608 1880 1672 1943 Itl
1700 1896 1727 1944 et
1750 1881 1783 1943 E
1798 1883 1827 1944 2.

126 2014 154 2052 ss
179 1989 350 2054 Certiorem
373 2004 402 2053 et
423 2003 608 2053 constantem
633 1989 823 2075 affinitatem
850 1991 930 2050 inter
954 1988 1075 2052 codices
1100 1987 1128 2048 V
1143 2011 1223 2072 prae
1247 2013 1278 2049 se
1295 1989 1412 2074 jertrnt
1435 1988 1465 2049 V
1475 1990 1495 2049 4
1519 2003 1548 2051 et
1571 1988 1601 2049 V
1611 1990 1640 2054 8.

583 2203 638 2266 Ite
669 2203 926 2266 editionibus
956 2201 1078 2288 Lepis
1108 2201 1420 2287 Visipothorum.

286 2332 312 2392 1.
364 2328 476 2391 Editio
504 2330 659 2412 princeps
693 2341 737 2390 est
770 2326 860 2390 Petri
891 2325 1032 2390 Pithoei:
1071 2326 1199 2390 Codicis
1234 2328 1334 2410 lenum
1369 2326 1409 2388 W
1408 2327 1608 2412 rsiqothorum
1646 2328 1726 2390 lib-ri
1757 2327 1835 2389 XII

176 2436 301 2500 Isidori
323 2435 527 2522 ,Hispalensis
551 2437 694 2519 episcopi
716 2434 753 2497 do
780 2433 902 2512 Gothis,
926 2433 1093 2497 Wandah's
1117 2448 1145 2497 et
1168 2433 1280 2497 Saeuis
1304 2433 1437 2496 biennia
1461 2436 1526 2496 siue
1551 2433 1727 2497 chronicon.
1775 2433 1831 2497 En

177 2543 374 2607 Bibliotheca
398 2541 488 2605 Petri
508 2541 635 2605 Pithoei
655 2541 682 2603 I.
705 2541 737 2604 C.
764 2556 817 2604 etc.
857 2541 1007 2604 Parisiis
1047 2540 1148 2626 Apud
1164 2539 1379 2604 Sebastianum
1401 2539 1573 2604 Niuellium
1598 2542 1655 2605 snb
1676 2541 1828 2620 Oiconiis,

122 2675 154 2712 m
176 2653 229 2714 ria
254 2648 416 2712 Iac-obaea.
463 2646 694 2710 MDLXXIX.
719 2649 786 2735 fol.
1655 2649 1656 2654 '

288 2755 368 2820 Usus
392 2770 435 2819 est
458 2753 615 2834 Pithoeus,
646 2770 680 2818 ut
701 2755 835 2834 videtur,
860 2757 998 2841 proprio
1022 2779 1077 2818 sao
1108 2756 1286 2840 eaerrmlari
1315 2755 1434 2836 (cerdice
1465 2754 1497 2817 E
1522 2757 1581 2838 1⁵),
1614 2755 1663 2818 ael
1684 2755 1829 2842 fortasse

173 2864 207 2926 Ε
225 2867 261 2942 1,·
285 2878 452 2948 praeterea.
477 2862 659 2926 adhibuisse
684 2863 807 2925 m'demr
834 2862 969 2926 codicem
995 2861 1200 2925 Petauinnum
1234 2861 1286 2942 (V
1302 2863 1332 2945 l)
1365 2861 1416 2924 uel
1443 2862 1579 2926 siun'Iem
1610 2876 1638 2924 et
1667 2863 1829 2948 enerrrplar

174 2971 347 3034 Francisci
375 2969 532 3033 Roaldesi
559 2970 649 3032 nobis
678 2993 740 3032 non
769 2984 907 3047 seruato,
945 2971 975 3032 iu
1008 2993 1067 3054 quo
1099 2983 1169 3032 teste
1199 2968 1326 3032 Pithoeo
1357 2968 1427 3031 Len
1458 2969 1687 3055 Visipotborum.
1719 2969 1830 3033 ‘Liber

174 3077 308 3142 iudicis'
333 3077 503 3140 diceba-tur.

121 3208 152 3246 ss
281 3185 311 3246 2.
358 3184 518 3269 Repetieit
540 3184 704 3248 editionem
730 3185 913 3269 principem
938 3181 1087 3246 And-reas
1111 3181 1253 3246 Schottus
1278 3185 1311 3245 in
1334 3207 1425 3268 ope-re
1454 3206 1528 3246 suo:
1558 3183 1722 3269 Hispania
1753 3184 1794 3247 ill
1816 3222 1828 3231 ·

172 3306 282 3370 strata,
307 3305 385 3354 tomo
411 3289 472 3352 III
492 3290 722 3374 (Frartcof'urti
742 3289 787 3352 ad
808 3289 854 3352 M.
886 3315 915 3352 a.
943 3290 1038 3368 1606,
1062 3291 1156 3376 fob),
1184 3315 1217 3375 p.
1243 3291 1452 3352 841-1014.

282 3400 310 3460 3.
362 3397 522 3483 Repeticit
555 3400 647 3460 etiam
682 3397 811 3460 eundern
845 3397 1010 3460 editionem
1043 3396 1233 3459 Iiridericus
1262 3395 1528 3483 Lindeubropius,
1558 3399 1676 3482 patriis
1710 3411 1826 3460 tanteun

174 3507 357 3568 lectionibus
383 3507 414 3568 in
448 3507 516 3590 ipsm
546 3518 627 3567 testu
658 3504 826 3567 secundum
858 3506 967 3566 uarias
998 3504 1142 3567 lectiones
1165 3503 1291 3567 Pithoei
1319 3505 1454 3583 nurtatis,
1487 3506 1519 3567 in
1551 3504 1728 3568 <attactam
1758 3529 1828 3582 sua,

173 3637 254 3697 qtcae
279 3613 475 3675 intitulatur:
502 3610 609 3674 Codes
632 3613 730 3696 iontem
756 3613 970 3694 autt'quarnm,
995 3610 1212 3696 Francosurti
1237 3612 1330 3688 1613,
1355 3612 1434 3698 fob,
1458 3636 1495 3698 p.
1525 3611 1663 3674 1-238,
1712 3611 1829 3675 Varias

121 3742 153 3780 sa
174 3720 328 3797 lectiones,
352 3743 432 3804 quas
456 3718 544 3782 dedit
559 3743 597 3802 p.
617 3719 851 3796 1313-1318,
871 3718 1041 3802 plerasque
1065 3743 1103 3780 eu
1118 3716 1245 3781 Pithoei
1265 3718 1400 3780 editione
1417 3718 1549 3804 oollepit,
1571 3742 1693 3803 paucas
1709 3733 1827 3782 tantum

173 3851 212 3890 ex
235 3826 339 3890 codice
363 3827 576 3910 ananuseripto
601 3827 716 3888 incerto
740 3823 878 3887 addidit.

281 3935 310 3995 4.
363 3931 491 3995 Tectum
527 3930 762 4017 Lindenbropii
797 3933 943 4015 repetivit
978 3930 1090 3994 Petrus
1127 3931 1316 4016 (hearpath,
1360 3931 1482 4017 Uenpus
1521 3934 1603 3996 iuris
1640 3931 1830 3996 Geronianici

173 4042 308 4124 antiqui,
334 4039 439 4102 IIaIae
462 4038 728 4125 Mapdeburpicae
755 4040 850 4116 1738,
875 4040 921 4117 4⁰,
946 4039 1003 4101 col.
1032 4039 1258 4100 1845--2196,

281 4148 309 4209 5.
347 4145 449 4209 Nonis
470 4146 606 4209 aecriIiis
624 4146 773 4208 iustrueit
793 4158 905 4208 tertam-
922 4145 1236 4230 Lirtdeubropianum
1252 4145 1297 4206 M.
1317 4145 1470 4230 Bouqust,
1487 4145 1604 4210 Iierum
1624 4147 1827 4210 Gallicarum

125 4275 153 4314 so
173 4268 202 4318 et
231 4253 463 4317 Fra-noicarum
494 4254 663 4337 scriptores
694 4251 757 4333 (ool
786 4251 930 4315 ‘Reeueil
958 4251 1012 4313 des
1042 4250 1210 4314 historiens
1240 4251 1294 4314 des
1323 4252 1443 4315 (herides
1473 4267 1501 4317 et
1531 4253 1568 4316 de
1600 4254 1630 4315 Ia
1664 4253 1827 4334 France’),

172 4375 243 4424 tom.
276 4359 332 4422 IV
359 4359 479 4438 (Paris.
514 4360 614 4438 1741,
638 4359 736 4446 foi),
764 4383 798 4443 p.
829 4358 1019 4437 283-460,
1051 4358 1172 4420 addens
1202 4360 1311 4422 'erarius
1343 4360 1487 4423 lectiones
1517 4362 1653 4445 quinque
1685 4360 1828 4423 codicum

172 4466 407 4546 Parisinorum,
430 4489 471 4528 sc.
497 4465 528 4528 Ε
545 4467 576 4529 2.
600 4465 633 4527 Ε
651 4467 677 4532 l,
706 4467 749 4530 1¹².
775 4466 804 4527 2.
831 4465 860 4526 V
873 4467 902 4545 6,
928 4489 1004 4550 queis
1028 4467 1095 4551 ipse
1119 4469 1306 4528 eertrenueratl.

281 4577 309 4636 6,
350 4573 385 4635 F.
404 4573 525 4636 Paulus
545 4571 712 4650 Continui,
732 4573 952 4636 Barbarornm
970 4573 1050 4657 Iepes
1066 4573 1214 4656 autiquae
1238 4597 1305 4634 cirin
1332 4574 1412 4635 uotis
1436 4587 1463 4636 et
1482 4574 1662 4658 plossariis,
1687 4588 1756 4638 tom.
1775 4574 1833 4637 IV

174 4681 331 4764 (Venetiis
358 4680 453 4758 1769,
477 4679 571 4766 foi),
598 4704 632 4764 p.
659 4681 808 4741 61-201
843 4693 954 4742 tentum
982 4679 1079 4757 dedit,
1110 4704 1148 4741 er
1170 4679 1296 4742 Pithoei
1324 4693 1351 4742 et
1374 4679 1610 4766 Lindenbropii
1637 4682 1828 4744 editiorn‘bus

124 4810 154 4849 ro
166 4801 330 4873 paratmu,
347 4789 402 4850 cui
415 4801 503 4849 nortem
519 4785 674 4871 quasdam
690 4811 729 4849 en
743 4787 849 4850 codice
861 4786 1077 4872 ‘Hispanico',
1095 4785 1302 4849 Castilinuam
1322 4789 1493 4850 'versionem
1503 4790 1683 4872 praebente,
1700 4789 1826 4853 adiecit.

282 4895 310 4956 7.
356 4893 465 4956 Veram
491 4916 602 4956 nouam
627 4893 793 4957 editionem
810 4896 947 4978 parauit
968 4892 1145 4956 descientia
1169 4895 1257 4978 rapio
1282 4892 1498 4957 Matritensis:
1524 4895 1641 4958 ‘Fuere
1662 4896 1760 4981 juepo
1791 4921 1826 4958 cn

173 5001 271 5065 Latin
302 5025 317 5064 e
352 4999 530 5064 Castellano
565 5001 704 5086 cotejado
739 5025 794 5064 con
832 5001 877 5063 Ios
914 5025 979 5064 urias
1014 5002 1159 5084 antiquos
1191 5025 1213 5085 y
1241 5002 1406 5085 preciosos
1440 5001 1563 5084 eddiees
1592 5026 1656 5087 por
1693 5003 1723 5066 Ia
1760 5002 1830 5066 real

172 5107 349 5171 Academia
373 5106 552 5192 Esparioba,
575 5107 715 5170 Madrid
738 5106 849 5186 1815',
873 5107 940 5194 foi.
989 5105 1138 5170 Editores
1161 5107 1207 5170 ad
1229 5121 1341 5170 tertam
1373 5109 1561 5193 oriqinalem
1593 5110 1724 5172 Intiruun
1757 5133 1827 5172 con-

174 5213 308 5279 dendum
347 5216 399 5278 usi
430 5227 517 5293 sunt,
553 5227 683 5300 praeter
718 5213 884 5278 editionem
920 5212 1251 5300 Liadeubropiaaurn,
1294 5239 1360 5276 cum
1397 5240 1460 5298 qaia
1499 5215 1621 5278 codices
1663 5217 1828 5279 cerretuIisse

119 5321 330 5400 meridientur,
354 5320 516 5384 codicibus
538 5345 645 5384 nocem
662 5321 863 5406 Hispauicis,
887 5345 928 5384 sc.
952 5320 1021 5384 V3.
1047 5321 1077 5382 8.
1103 5323 1132 5383 9.
1161 5321 1210 5386 10.
1239 5323 1288 5386 13.
1318 5323 1367 5386 14.
1395 5323 1444 5384 15.
1473 5324 1522 5384 16.
1549 5323 1600 5385 20.
1642 5322 1690 5386 De
1715 5325 1829 5408 quibus

283 5541 312 5610 1)
339 5540 387 5614 Cs.
412 5541 542 5616 Bouquet
564 5541 618 5612 IV,
645 5561 677 5616 p.
704 5541 777 5611 286,
802 5561 830 5598 n.
853 5561 888 5596 s:
919 5541 1211 5616 ‘Lindeubroqinnam
1236 5541 1380 5598 editionem
1405 5543 1546 5619 euenimus
1569 5545 1611 5599 ad
1632 5545 1739 5602 codices
1762 5567 1826 5604 iuss.

173 5647 265 5724 repios
289 5647 385 5714 4696,
411 5647 497 5703 4716
516 5647 571 5719 (2),
596 5647 680 5704 5188
700 5649 753 5718 (5),
780 5647 860 5704 5191
883 5647 936 5717 (5),
963 5647 1057 5704 5192.

227 5764 270 5806 ιι
284 5765 344 5807 soa.
358 5767 376 5806 1.
404 5764 422 5806 1.
1559 5771 1596 5820 lv
