4478 6246
432 277 472 340 74
961 283 1041 338 mx
1063 281 1365 342 vrusornonuu
1387 282 1543 354 11,1,2s.

275 479 411 553 11,1,ao.
429 478 536 549 Boea]
559 477 718 538 summtm
742 469 878 556 exlege
901 479 968 534 tam
992 469 1092 534 iudex
1122 489 1220 557 quam

430 577 497 641 saio
520 575 560 641 de
577 577 723 641 restitute
739 577 786 641 rei
803 576 1024 662 conpositione
1041 577 1220 663 conquirat.

430 681 528 764 Quod
550 683 578 746 si
601 705 650 766 ea,
681 704 744 769 que
767 681 877 773 iudex¹
890 681 1040 746 ordinare
1065 681 1221 765 decernit,

429 789 497 853 saio
521 787 656 853 callidus
679 788 803 876 inplere
825 787 1015 872 neclexerit,
1043 789 1071 853 si
1093 810 1156 872 res,
1180 789 1221 854 de

429 917 494 982 qua
523 895 639 981 agitur,
669 895 800 959 unciam
830 896 899 959 auri
922 893 975 959 vel
1004 894 1089 960 infra
1111 893 1221 960 valere

430 1002 618 1084 constiterit,
649 1000 705 1083 illi,
737 1002 790 1066 cui
819 1023 872 1066 res
902 999 1013 1066 debita
1042 1011 1101 1083 est,
1135 1001 1223 1066 idem

429 1109 497 1172 saio
521 1107 562 1172 de
585 1129 643 1173 suo
667 1109 737 1172 auri
758 1106 896 1172 solidum
918 1093 1043 1173 reddat.
1083 1107 1119 1174 Si
1135 1119 1222 1174 certe

428 1213 501 1301 plus
523 1213 671 1298 valuerit,
694 1235 754 1302 per
776 1213 920 1300 singulas
942 1215 1055 1279 uncias
1078 1213 1222 1302 singulos

429 1319 549 1386 solidos
573 1343 631 1407 pro
655 1343 714 1386 sua
735 1320 888 1386 tarditate
910 1320 1084 1409 persolvat.
1129 1321 1223 1386 Idem

428 1449 507 1492 vero
523 1428 661 1511 saiones,
679 1449 752 1493 cunr
768 1449 826 1514 pro
839 1428 945 1492 causis
962 1427 1076 1492 alicnis
1088 1427 1222 1510 vadunt,

430 1533 458 1597 si
494 1535 600 1599 minor
637 1555 737 1599 causa
774 1543 823 1598 est
861 1543 894 1598 et
929 1555 1069 1620 persona
1079 1537 1100 1616 ¹,
1142 1533 1223 1600 duos

430 1638 574 1705 caballus
604 1650 729 1705 tantum
758 1639 800 1704 ab
831 1662 879 1724 eo,
914 1641 1005 1705 cuius
1035 1662 1135 1706 causa
1164 1650 1222 1723 est,

430 1747 571 1833 accipiat
592 1745 793 1831 fatigandum
817 1747 944 1812 sivero
967 1747 1070 1812 maior
1084 1768 1224 1834 persona

429 1853 527 1918 fuerit
556 1863 588 1918 et
618 1875 734 1935 causa,
768 1875 835 1917 non
864 1851 1003 1939 amplius
1033 1875 1130 1940 quam
1164 1875 1223 1918 sex

430 1957 596 2024 caballos²
620 1969 652 2025 et
681 1982 740 2046 pro
770 1959 885 2024 itinere
916 1968 949 2023 et
977 1980 1036 2045 pro
1066 1958 1223 2045 dignitate

430 2065 563 2132 debebit
584 2068 744 2152 accipere.

485 3298 523 3358 11,
545 3300 567 3358 1,
587 3298 628 3348 26.
669 3297 686 3349 1.
707 3301 730 3349 1.
758 3313 862 3348 summa
881 3297 944 3348 ΕΙ.
974 3295 984 3359 ΙΙ
1016 3299 1032 3349 l.
1050 3300 1075 3348 2.
1103 3300 1137 3350 de
1159 3299 1226 3350 deest

431 3385 457 3438 B
471 3389 494 3438 1.
520 3385 529 3448 ll
554 3386 570 3436 1.
584 3387 609 3437 3.
627 3387 772 3438 bordinara
791 3386 853 3437 Ε2.
879 3384 889 3448 ΙΙ
914 3387 930 3438 1.
950 3387 974 3436 5.
1000 3381 1064 3452 qua]
1086 3403 1140 3453 quo
1161 3387 1187 3438 R
1201 3391 1224 3440 1.

432 3476 493 3527 18.
518 3474 578 3542 plus
596 3469 724 3540 valuerit]
748 3473 900 3542 pulsaverit
920 3475 945 3526 R
961 3479 990 3540 13
1015 3474 1077 3542 plus
1097 3473 1226 3539 (valuerit

432 3563 486 3616 eod.
508 3581 576 3615 ama.
599 3559 732 3629 ruperm.)
758 3563 784 3614 lt
802 3565 826 3614 2.
858 3562 867 3624 ΙΙ
902 3565 918 3615 1.
938 3566 963 3615 3.
988 3559 1073 3628 Idem]
1099 3565 1130 3614 Id
1156 3565 1181 3615 B
1200 3567 1225 3616 2.

433 3654 511 3704 110.
539 3647 611 3717 cnm]
641 3668 722 3720 quam
749 3652 774 3703 R
793 3653 817 3703 2.
852 3651 861 3712 ΙΙ
896 3652 912 3704 1.
937 3654 977 3704 12.
1006 3651 1128 3704 cavallos
1156 3654 1181 3704 R
1200 3655 1224 3704 2.

432 3742 505 3793 113.
523 3736 617 3806 maior]
637 3743 723 3794 minor
742 3741 767 3792 R
780 3744 803 3792 1.

1275 478 1363 548 Bru}
1397 480 1473 534 tunc
1503 468 1545 534 ab
1574 468 1629 535 illo
1659 469 1742 534 ratio
1775 470 1956 557 prescripta
1986 491 2071 534 com-

1275 575 1363 640 modi
1386 576 1550 663 exigenda
1573 586 1622 641 est
1643 575 1761 640 iudicis
1785 574 1837 641 vel
1861 575 1992 657 saionis,
2016 577 2072 663 qui

1276 692 1333 747 aut
1360 679 1597 748 commodatam
1631 680 1694 746 sibi
1726 704 1796 746 rem
1829 682 1863 746 in
1898 683 2070 747 constituto

1276 789 1328 856 die
1366 789 1504 856 reddere
1540 813 1607 856 non
1644 790 1802 871 occurrit,
1840 799 1897 854 sut
1929 789 1986 875 qui
2024 789 2071 853 rei

1276 897 1381 962 aliene
1415 896 1542 962 debitor
1571 895 1624 961 vel
1653 896 1791 961 iniustus
1818 917 1987 983 possessor
2017 916 2102 958 err-s

1275 1003 1386 1069 titerit.
1421 1004 1486 1068 Pro
1502 1000 1705 1068 celebrandis
1722 1013 1831 1067 autem
1845 999 2071 1083 divisionibus,

1277 1111 1304 1174 si
1328 1133 1427 1175 causa
1450 1109 1603 1191 extiterit,
1633 1109 1700 1173 iam
1723 1109 1801 1195 quia
1829 1119 1967 1194 utraque
1996 1129 2072 1194 pars

1277 1226 1310 1282 et
1325 1217 1542 1304 competentia
1557 1213 1620 1279 sibi
1635 1215 1708 1278 iura
1722 1215 1865 1301 reposcit
1880 1224 1912 1279 et
1928 1213 2072 1279 debitam

1277 1321 1339 1387 sibi
1361 1331 1488 1411 partem
1510 1321 1666 1408 portionis
1688 1320 1834 1406 requirit,
1861 1318 1904 1384 ab
1926 1321 2071 1407 utrisque

1277 1427 1422 1515 partibus
1445 1427 1593 1516 predicta
1616 1427 1787 1492 commoda
1809 1425 1973 1513 exigenda
1988 1438 2071 1491 sunt.
2090 1447 2114 1486 ιο

1278 1534 1433 1600 Similiter
1462 1545 1571 1600 autem
1601 1543 1634 1598 et
1666 1534 1701 1597 in
1735 1532 1919 1598 huiusmodi
1954 1534 2071 1614 causis,

1277 1639 1334 1706 ubi
1356 1640 1446 1708 nulla
1468 1650 1518 1706 est
1540 1641 1646 1727 culpa,
1670 1639 1880 1726 presumptio,
1906 1641 2071 1726 usurpatio

1276 1747 1330 1812 vel
1354 1746 1500 1813 debitum
1522 1769 1756 1834 possessorum,
1784 1744 1837 1810 hic
1861 1745 1940 1811 ordo
1964 1769 2071 1810 serva-

1276 1853 1374 1938 bitur,
1397 1863 1433 1919 ut
1455 1852 1660 1919 commodum
1682 1851 1799 1917 iudicis
1818 1851 1872 1916 vel
1895 1854 2015 1918 saionis
2031 1852 2072 1917 de

1277 1961 1422 2048 utrisque
1468 1961 1672 2026 causantium
1720 1959 1865 2047 partibus
1912 1960 2072 2046 exigatur.
2090 1987 2114 2026 1s

1277 2066 1376 2149 'Quod
1398 2068 1426 2131 si
1449 2066 1642 2132 divisionem
1666 2068 1802 2154 quisque
1826 2068 1962 2153 cupiens
1989 2065 2071 2131 cele·

1277 2172 1373 2238 brare
1395 2173 1582 2238 dilationem
1605 2170 1646 2237 ab
1671 2172 1769 2238 erede
1792 2176 1872 2238 suo³
1893 2171 2071 2260 pertulerit,

1278 2302 1352 2344 cum
1374 2279 1435 2344 hcc
1459 2301 1558 2344 causa
1581 2277 1624 2343 ab
1647 2300 1696 2361 eo,
1720 2280 1777 2366 qui
1797 2277 1986 2344 dilationem
2000 2301 2072 2366 per-

1277 2384 1359 2470 tulit,
1383 2385 1484 2452 iudici
1506 2386 1655 2451 intimata
1678 2386 1829 2469 extiterit,
1853 2384 1896 2450 ab
1918 2408 1957 2450 eo
1972 2385 2073 2451 iudex

1278 2491 1482 2558 commodum
1495 2514 1589 2556 suum
1600 2491 1653 2557 vel
1665 2492 1786 2558 saionis
1799 2492 1931 2580 exigere
1944 2491 2072 2576 debeat,
2091 2521 2115 2560 so

1278 2600 1334 2687 qui
1367 2597 1477 2664 tardus
1506 2621 1565 2686 pro
1594 2599 1669 2685 ipsa
1697 2598 1858 2664 divisione
1889 2600 1996 2664 extitit
2027 2599 2072 2663 fa-

1278 2706 1405 2772 cienda.
1442 2719 1522 2782 Quod
1540 2720 1564 2771 si
1583 2735 1624 2781 ea,
1637 2735 1690 2787 que
1709 2720 1792 2771 iudex
1804 2720 1929 2772 ordinare
1943 2721 2073 2780 decernit,

1278 2829 1336 2878 saio
1362 2825 1478 2878 callidus
1504 2824 1615 2893 implere
1642 2826 1801 2894 neglexerit,
1829 2828 1853 2877 si
1879 2843 1930 2886 rer,
1959 2827 1993 2878 de
2020 2843 2074 2892 qua

1277 2935 1376 2999 egitur,
1394 2935 1418 2984 si
1436 2933 1546 2984 unciam
1564 2933 1624 2984 auri
1642 2931 1686 2984 vel
1705 2933 1778 2984 infra
1795 2931 1888 2985 valere
1910 2935 2074 2993 constiterit,

1277 3039 1331 3102 illi,
1357 3041 1403 3091 oui
1428 3055 1471 3092 rsa
1496 3039 1590 3091 debita
1615 3045 1668 3101 est,
1694 3039 1767 3092 idem
1791 3041 1852 3092 saio
1877 3040 1911 3091 de
1936 3055 1988 3091 suo
2014 3041 2074 3091 auri
2091 3053 2116 3093 se

1332 3300 1370 3360 11,
1396 3302 1418 3360 1,
1442 3299 1485 3351 26.
1531 3300 1547 3350 1.
1572 3302 1595 3350 1.
1626 3295 1786 3366 prescripta]
1816 3301 1973 3366 conscripta
2000 3299 2029 3350 Ε
2050 3303 2073 3350 l.

1277 3390 1333 3440 12.
1353 3390 1400 3455 qui
1419 3383 1476 3452 aut]
1498 3387 1570 3450 Quia
1588 3396 1637 3439 aut
1654 3387 1726 3440 Mad.
1752 3385 1761 3448 ΙΙ
1786 3389 1803 3438 1.
1817 3390 1842 3439 3.
1864 3389 1892 3439 in
1912 3383 2073 3453 constituto]

1277 3477 1397 3529 instituti
1424 3475 1452 3528 Ε
1473 3480 1496 3528 Ι.
1533 3475 1543 3538 ΙΙ
1580 3477 1597 3527 1.
1620 3479 1645 3527 4.
1676 3477 1829 3528 occurrerit
1851 3476 1916 3528 172.
1944 3479 1969 3528 3.
1994 3480 2020 3528 4.
2049 3479 2073 3529 5.

1277 3566 1295 3617 1.
1310 3567 1334 3618 6.
1352 3566 1406 3617 Pro
1426 3590 1459 3600 -
1479 3565 1599 3616 extiterit
1616 3581 1664 3616 orn.
1684 3565 1740 3616 174.
1759 3565 1785 3616 b.
1810 3563 1820 3628 ΙΙ
1845 3566 1901 3617 11.
1922 3567 1977 3618 iam
1999 3562 2073 3633 quie]

1279 3652 1790 3720 etV15;iamqu0queV17.Pttt.
1845 3649 1919 3721 quia]
1938 3657 1985 3722 qui
2004 3655 2117 3719 E13oc

1279 3745 1327 3810 qui
1347 3760 1410 3794 corr.
1430 3744 1493 3808 qrria
1518 3742 1546 3792 E
1562 3745 1586 3794 2.
1618 3741 1627 3805 ΙΙ
1659 3743 1676 3794 1.
1696 3745 1720 3796 3.
1747 3749 1775 3794 et
1793 3738 1891 3810 comp]
1918 3746 1958 3794 rei
1984 3760 2073 3810 comp.

1285 3831 1403 3883 17111.
1428 3830 1497 3882 Ru.
1551 3833 1612 3884 iura
1630 3826 1760 3897 reposcit]
1777 3832 1815 3882 ito
1833 3832 1891 3884 171.
1909 3835 1935 3896 3.
1953 3835 1979 3884 5.
2004 3833 2074 3885 Pitll.

1278 3919 1366 3982 Mud.,·
1390 3922 1480 3972 iurare
1506 3922 1594 3988 poscit
1619 3921 1644 3969 V
1657 3923 1688 3984 23
1714 3922 1804 3972 iurare
1823 3923 1909 3988 possit
1927 3921 1955 3972 Ε
1967 3923 1990 3972 1.
2009 3921 2073 3985 174;

1278 4010 1368 4060 iurare
1381 4011 1469 4076 possit
1485 4027 1549 4062 corr.
1567 4011 1629 4060 iura
1646 4011 1801 4075 repromisit
1819 4010 1847 4060 E
1857 4012 1882 4061 2.
1904 4007 1914 4071 ΙΙ
1936 4011 1991 4062 13.
2011 4029 2072 4077 por·

1278 4099 1347 4149 tioni
1372 4097 1438 4149 ΕΙ.
1492 4097 1715 4166 utnusquam.
1736 4099 1793 4148 171.
1825 4097 1834 4158 ΙΙ
1865 4100 1944 4150 111.
1970 4095 2073 4164 causis]
2092 4109 2117 4152 tt

1278 4202 1301 4236 c.
1326 4203 1390 4238 corr.
1415 4203 1513 4239 causas
1538 4186 1567 4237 Ε
1583 4189 1614 4250 2;
1640 4203 1738 4238 causas
1763 4187 1791 4237 E
1809 4191 1832 4238 1.
1863 4185 1873 4248 ΙΙ
1904 4188 1921 4240 l.
1941 4190 1983 4239 12.
2011 4205 2071 4255 pre-

1278 4277 1399 4342 sumpcio
1427 4275 1455 4326 Ε
1475 4279 1498 4327 1.
1536 4275 1546 4336 ΙΙ
1583 4277 1601 4327 l.
1624 4278 1665 4327 16.
1696 4271 1821 4343 quisque]
1848 4277 1969 4343 quisquis
2000 4277 2029 4327 Ε
2049 4281 2072 4328 1.

1279 4365 1392 4431 cupiens
1418 4359 1479 4429 cel]
1503 4363 1623 4418 voluerit
1647 4365 1698 4416 cel.
1725 4371 1752 4416 et
1776 4364 1857 4416 1715.
1889 4365 1898 4427 ΙΙ
1929 4367 1946 4416 1.
1967 4368 2008 4418 11.
2037 4368 2072 4417 ab

1279 4447 1369 4517 erede]
1393 4453 1431 4504 ito
1449 4453 1505 4506 175.
1525 4454 1557 4517 6;
1582 4456 1616 4506 ab
1634 4454 1735 4505 herede
1754 4453 1812 4504 171.
1835 4454 1859 4505 2.
1884 4457 1909 4505 4.
1936 4456 1976 4506 11.
2003 4454 2072 4507 Pia.

1277 4549 1302 4592 et
1318 4558 1331 4592 e
1347 4558 1411 4593 corr.
1430 4541 1493 4604 Ve;
1513 4544 1594 4595 abore
1614 4544 1647 4595 de
1667 4542 1695 4593 E
1704 4544 1735 4605 2;
1754 4543 1855 4595 habere
1874 4544 1908 4594 de
1924 4542 1986 4594 ΕΙ.
1999 4544 2071 4594 Mad.
2090 4555 2116 4595 so

1277 4631 1295 4682 1.
1309 4632 1352 4681 20.
1369 4625 1482 4696 saionis]
1500 4633 1559 4683 reio
1576 4630 1633 4682 171.
1669 4631 1752 4682 debet
1770 4631 1826 4682 171.
1846 4633 1871 4683 2.
1893 4630 1903 4693 ΙΙ
1925 4633 1997 4684 121.
2017 4639 2071 4684 tar·

1278 4720 1338 4770 dius
1357 4719 1413 4770 171.
1436 4717 1445 4782 ΙΙ
1467 4721 1484 4770 1.
1498 4721 1540 4771 22.
1560 4713 1692 4786 decernit]
1711 4721 1841 4772 discernit
1860 4720 1928 4782 E1;
1950 4722 2073 4773 decrevit

1284 4808 1340 4858 171.
1361 4809 1385 4858 5.
1406 4809 1436 4871 6;
1458 4809 1611 4861 decreverit
1629 4808 1703 4860 1715.
1724 4810 1765 4861 11.
1797 4808 1806 4869 ll
1838 4811 1917 4861 123.
1943 4805 2071 4875 callidus]

1278 4895 1383 4948 calidus
1402 4896 1429 4946 Ε
1439 4899 1470 4959 2;
1490 4899 1605 4964 tepidus,
1617 4914 1753 4963 superma
1767 4896 1872 4950 calidus
1886 4898 1943 4961 176;
1962 4900 2072 4966 tepidus

1277 4985 1346 5036 Pitb.
1371 4985 1400 5036 iu
1424 5001 1502 5053 aurp.
1557 4988 1580 5037 si
1604 4981 1658 5051 res]
1683 4988 1708 5038 si
1731 4987 1798 5038 deest
1819 4986 1847 5038 Ε
1857 4989 1882 5038 2.
1901 4987 1957 5037 171.
1978 4989 2002 5038 6.
2030 4990 2071 5040 11.
2089 4999 2116 5038 st

1278 5075 1294 5125 1.
1308 5077 1351 5126 24.
1369 5077 1394 5124 ai
1411 5069 1531 5139 unciam]
1552 5077 1576 5126 si
1593 5075 1660 5126 deest
1677 5076 1733 5126 172.
1754 5077 1778 5127 3.

540 5302 569 5373 l)
600 5304 732 5362 Similiter
761 5305 971 5364 &somehow
999 5308 1028 5366 in
1057 5310 1249 5384 spectatiorem
1279 5310 1366 5368 edicto
1395 5310 1558 5368 diederici
1588 5311 1691 5389 Mapui
1718 5311 1809 5389 rupim
1838 5311 1880 5384 cf.
1910 5309 2074 5370 Cassiodori

438 5409 507 5468 Var.
530 5409 584 5481 IX,
604 5412 659 5467 14:
684 5413 713 5467 in
735 5412 790 5467 illis
812 5415 904 5469 causis
926 5421 1013 5486 atque
1036 5417 1174 5488 personis,
1199 5425 1226 5474 et
1246 5435 1319 5494 qaae
1336 5415 1374 5473 ibi
1388 5417 1575 5493 praecedunt.
1668 5417 1698 5489 2)
1722 5418 1858 5477 Theudae:
1876 5421 1905 5475 in
1920 5421 2071 5476 minoribus

432 5519 521 5573 causis
545 5519 743 5588 ductantem,
767 5519 796 5574 in
819 5520 968 5576 maioribus
990 5539 1057 5579 vero
1081 5529 1202 5595 quatuor
1226 5525 1327 5581 caballi
1350 5523 1501 5583 sufficiant.
1595 5523 1625 5596 3)
1647 5521 1783 5598 [Hlorede
1799 5542 1849 5582 suo
1865 5524 2072 5603 intelliqendum

432 5631 480 5694 est,
502 5623 586 5681 veluti
605 5623 631 5680 si
649 5623 782 5700 scriptam
804 5625 856 5682 sit:
878 5627 1018 5686 coherede
1041 5647 1101 5686 suo.

2089 5657 2116 5698 50
