4478 6246
418 309 459 370 56
963 313 1042 366 LEX
1066 309 1369 366 VISIGOTHORUM
1392 309 1429 376 ll,
1451 308 1478 376 l,
1497 309 1527 364 8.

286 511 399 582 ΙΙ,1,6.
420 509 524 580 Boea}
541 498 734 580 servabitur,
752 501 785 563 in
798 499 885 584 regis
898 498 940 562 ad
952 499 1113 584 integrum
1127 507 1216 583 potc-

418 619 500 674 state
514 608 698 694 persistant,
712 618 745 670 et
757 607 809 670 cui
823 605 941 670 donate
955 605 1074 669 fuerint
1088 607 1132 668 ita
1145 627 1216 690 per-

417 716 517 802 petim
539 737 673 778 securus
690 712 864 799 possideat,
891 723 925 776 ut
941 711 1046 775 nullus
1063 734 1218 798 umquam

417 820 661 886 succedentium
678 843 802 905 regum,
816 841 949 884 causam
962 841 1052 883 suam
1067 829 1099 881 rt
1111 819 1217 904 gentis

416 929 600 1010 vitiatarus,
625 927 682 992 has
706 926 866 991 ullatenus
888 926 1015 990 auferre
1040 935 1215 1012 presumat.

417 1035 540 1099 Verum
565 1035 642 1120 quia
662 1033 755 1098 multi
770 1034 961 1120 plerumque
979 1033 1218 1119 repperiuntur,

418 1143 483 1229 qui,
509 1141 585 1205 dum
616 1141 666 1205 his
693 1151 726 1204 et
756 1139 873 1205 talibus
903 1141 1012 1227 pravis
1037 1140 1216 1204 meditatio-

417 1247 512 1313 nibus
537 1258 748 1335 occupantur,
780 1258 970 1333 argumcnto
995 1246 1135 1334 quodam
1159 1246 1216 1310 fnl-

417 1355 480 1420 laci
504 1357 538 1419 in
562 1353 709 1420 ecclesiis
733 1366 789 1418 aut
812 1353 968 1419 uxoribus
987 1353 1039 1418 vel
1063 1352 1136 1418 filiis
1161 1353 1216 1417 ad-

418 1485 480 1550 que
506 1463 619 1526 amicis
636 1484 693 1526 seu
717 1463 749 1525 in
774 1461 846 1525 aliis
870 1460 1128 1548 quibuscumque
1145 1483 1216 1547 per-

418 1571 505 1634 sonis
541 1567 616 1633 suas
655 1570 863 1633 inveniantur
901 1568 1125 1632 transduxisse
1164 1568 1216 1632 rol

417 1676 629 1742 transducere
653 1675 835 1757 facultates
861 1677 958 1740 etiam
983 1687 1015 1740 et
1041 1677 1122 1762 ipsa,
1153 1698 1215 1762 quc

417 1782 641 1848 fraudulenter
659 1785 692 1846 in
709 1782 851 1848 dominio
871 1782 977 1846 alieno
1002 1782 1214 1862 contulerant,

417 1893 486 1954 iure
518 1891 666 1976 precario
698 1901 905 1976 reposcentes
937 1889 997 1953 sub
1030 1888 1215 1954 calliditatis

417 1997 524 2061 studio
555 1998 587 2060 in
619 2021 676 2061 suo
709 1996 815 2060 dorum
846 1997 988 2061 tlonrinio
1019 1996 1216 2082 possidenda

417 2105 587 2190 recipiant,
623 2103 709 2168 undo
740 2103 820 2168 nibil
850 2103 890 2168 dc
924 2105 989 2168 suis
1022 2102 1120 2168 rebus
1152 2105 1215 2167 visi

417 2221 491 2276 sunt
521 2211 701 2292 admisisse,
732 2212 795 2274 nisi
826 2210 928 2274 solum
960 2212 1215 2276 concinnacione

416 2317 589 2382 falsissima
613 2317 705 2381 fictas
734 2319 826 2404 quasi
849 2318 1020 2382 veredicus
1043 2318 1216 2383 videantur

418 2426 595 2510 scripturas
620 2424 796 2507 conticere,
820 2425 959 2512 ideoque
980 2425 1063 2490 hane
1087 2427 1215 2512 nequis·

418 2533 532 2595 simam
556 2533 870 2617 argumentationem
887 2533 1046 2618 presentis
1063 2531 1145 2618 legis
1161 2533 1216 2596 de-

419 2651 505 2704 creto
529 2651 697 2726 amputare
728 2640 896 2726 elegimus,
927 2651 971 2722 ut,
1000 2640 1133 2705 caleatis
1164 2640 1216 2704 vel

384 2733 389 2742 ⁵
419 2747 585 2810 evacuatis
610 2770 666 2811 scu
692 2747 837 2811 rescissis
862 2747 1030 2834 scripturis
1047 2770 1085 2811 ac
1101 2747 1215 2810 fraudo

419 2853 594 2934 confectis,
632 2853 789 2940 quidquid
825 2875 863 2918 eo
899 2855 1036 2940 quisquc
1071 2865 1216 2940 tempore

420 2961 586 3048 possidere
615 2962 828 3047 repperiatur,
861 2982 923 3046 quo
956 2959 1053 3025 fuerit
1081 2961 1113 3024 in
1145 2984 1216 3047 prc-

419 3067 514 3132 dictis
539 3067 728 3132 criminibus
753 3067 985 3154 deprehensus,
1017 3079 1118 3132 toturn
1142 3091 1216 3133 con-

419 3175 508 3239 tinuo
532 3173 603 3238 fisci
625 3173 749 3238 viribus
773 3175 815 3238 ad
839 3176 1000 3260 integrum
1025 3173 1216 3261 adplicetur,

420 3293 453 3345 ut
477 3281 658 3346 concedere
689 3283 752 3346 iarn
784 3282 888 3346 dictas
917 3282 1098 3363 facultates,
1135 3283 1218 3346 sicut

419 3411 517 3475 supra
543 3387 665 3453 dictum
691 3399 749 3470 ost,
774 3389 827 3453 cui
850 3413 909 3452 rex
933 3388 1073 3453 voluerit
1095 3389 1148 3453 vel
1171 3390 1216 3453 fa-

419 3518 493 3559 cere
540 3495 660 3560 exinde
704 3495 863 3582 quidquid
909 3496 1043 3584 elegerit
1088 3497 1121 3559 in
1160 3520 1216 3561 sue

472 4159 488 4208 l.
503 4161 527 4208 3.
547 4175 643 4208 secure
658 4159 816 4224 possideant
829 4159 854 4208 a
864 4162 887 4210 2.
911 4161 919 4219 ll
941 4162 957 4210 l.
972 4163 996 4210 5.
1016 4162 1143 4212 vitiarum
1156 4163 1182 4216 It
1192 4166 1216 4222 2,

420 4247 461 4296 ubi
484 4247 532 4297 hus
558 4271 592 4280 -
619 4248 683 4311 quia
708 4247 805 4297 darnart.
831 4247 839 4306 ll
866 4249 882 4298 l.
903 4251 1045 4315 [pravis
1072 4253 1142 4302 med.
1166 4242 1217 4326 ills.

421 4336 478 4385 Ill.
502 4335 511 4393 ll
534 4337 550 4386 l.
571 4337 594 4386 6.
621 4337 810 4402 hoccupantur
836 4337 897 4388 112.
944 4346 1134 4404 argumentum
1157 4342 1221 4390 trs.-

420 4427 436 4475 ἰ.
459 4427 498 4479 12,
525 4425 627 4476 transd.
647 4451 680 4459 -
705 4427 824 4477 dominio
850 4427 900 4482 des.
924 4429 985 4478 122.
1012 4426 1021 4487 ΙΙ
1046 4431 1063 4479 l.
1085 4431 1125 4480 13.
1153 4447 1216 4480 con-

420 4514 521 4565 tulerat
541 4514 565 4563 lt
580 4519 601 4565 1.
625 4515 634 4575 ll
657 4517 674 4564 l.
691 4517 731 4565 15.
753 4516 919 4582 possidendo
940 4518 964 4566 a
979 4520 1002 4567 1.
1025 4517 1034 4576 ΙΙ
1057 4519 1074 4568 l.
1091 4521 1130 4569 17.
1154 4537 1217 4570 eon·

420 4605 603 4655 cinnationonr
628 4604 689 4654 Il2.
715 4604 724 4664 ll
750 4606 766 4654 l.
789 4608 828 4656 18.
854 4606 942 4657 factas
969 4607 994 4655 It
1014 4610 1036 4657 l.
1083 4609 1217 4658 veridicas

421 4693 482 4743 112.
505 4690 514 4750 ll
537 4695 553 4743 l.
570 4697 610 4744 19.
632 4695 748 4759 scriptas
770 4695 830 4743 Ill.
853 4695 862 4755 ll
885 4697 902 4745 l.
916 4698 959 4746 20.
981 4698 1217 4760 argumentatione

421 4782 481 4831 lll.
505 4781 513 4842 ll
537 4784 553 4833 l.
568 4785 610 4834 21.
630 4785 764 4848 amputari
786 4783 845 4833 112.
884 4784 1008 4834 calciatis
1029 4784 1071 4835 rel
1092 4788 1218 4836 vacuatis

422 4872 444 4920 ll
460 4875 482 4921 l.
505 4872 514 4930 ΙΙ
537 4873 553 4920 l.
568 4873 610 4922 22.
630 4888 678 4922 scu
699 4872 823 4922 rescissis
841 4873 892 4922 des.
913 4873 973 4942 112.
997 4871 1005 4933 ll
1029 4875 1045 4924 l.
1060 4877 1101 4925 23.
1122 4869 1166 4938 eo]
1187 4893 1218 4926 cx

421 4978 453 5010 oo
474 4959 534 5012 Il2.

1273 506 1360 577 Brut}
1384 526 1493 561 eausam
1514 527 1589 562 suam
1610 519 1637 562 et
1655 512 1745 576 gentis
1765 511 1919 570 vitiaturus,
1937 512 1986 560 has
2007 509 2075 560 ulla-

1272 626 1351 668 tenus
1362 619 1468 668 auferre
1480 624 1626 684 presumat.
1640 618 1740 668 Verum
1750 619 1814 682 quia
1825 616 1902 668 multi
1913 617 2073 684 plerumque

1273 725 1469 790 repperiuntur,
1490 726 1545 790 qui,
1566 725 1629 775 dum
1650 725 1691 774 lris
1711 733 1738 774 et
1757 723 1858 775 talibus
1878 727 1969 790 pravis
1990 725 2072 776 medi-

1272 832 1422 882 tationibus
1447 839 1623 897 occupantur,
1649 839 1810 898 argumento
1837 832 1956 897 quodam
1980 830 2070 882 fallaci

1273 939 1299 988 in
1324 937 1448 988 ecelesiis
1475 944 1521 988 aut
1544 940 1674 990 uxoribus
1697 937 1741 988 vel
1767 938 1830 988 filiis
1858 947 1941 1004 atque
1968 939 2104 998 amiciet

1272 1061 1322 1094 seu
1335 1046 1363 1094 in
1375 1044 1437 1096 aliis
1451 1045 1668 1111 quibuscumque
1683 1047 1806 1112 personis
1820 1061 1884 1096 arras
1895 1047 2073 1096 inveniuntur

1272 1153 1458 1202 transduxisse
1482 1151 1525 1203 vel
1553 1153 1728 1203 transducere
1754 1151 1909 1212 facultates,
1936 1153 2018 1202 etiam
2045 1159 2071 1202 et

1272 1260 1346 1324 ipsa,
1379 1275 1432 1324 que
1461 1257 1650 1309 fraudulenter
1677 1261 1705 1309 in
1734 1260 1855 1310 dominio
1885 1257 1976 1310 alieno
2007 1275 2070 1309 con-

1272 1365 1400 1424 tulerant,
1420 1368 1478 1417 iure
1497 1367 1622 1431 precario
1642 1373 1817 1432 reposcentes
1837 1366 1887 1416 sub
1911 1364 2070 1416 calliditatis

1271 1472 1362 1522 studio
1382 1473 1410 1522 in
1430 1488 1480 1523 suo
1501 1473 1591 1522 denuo
1605 1472 1725 1523 dominio
1744 1472 1908 1538 possidenda
1928 1474 2070 1538 recipiant,
2092 1479 2116 1517 10

1272 1580 1343 1628 unde
1363 1577 1429 1628 nihil
1457 1579 1489 1629 de
1509 1580 1566 1628 suis
1593 1580 1672 1629 rebus
1692 1581 1744 1628 risi
1770 1585 1834 1628 sunt
1859 1581 1992 1639 amisisse,
2018 1581 2069 1630 nisi

1271 1685 1359 1738 solum
1373 1687 1582 1736 concinnatione
1595 1684 1742 1736 falsissima
1755 1685 1832 1736 fictas
1846 1687 1925 1752 quasi
1935 1686 2069 1736 veridicas

1271 1794 1415 1843 rideantur
1438 1794 1587 1858 scripturas
1608 1793 1757 1852 conficere;
1783 1793 1901 1858 ideoque
1927 1793 1996 1842 hanc
2024 1811 2068 1844 ne-

1270 1901 1427 1966 quissimam
1447 1901 1683 1965 argumentatione
1702 1901 1836 1966 presentis
1864 1899 1932 1967 legis
1959 1902 2069 1951 decreto

1270 2015 1410 2074 amputare
1431 2007 1572 2074 elegimus,
1594 2015 1632 2068 ut,
1652 2007 1765 2059 calcatis
1786 2006 1829 2057 rel
1852 2010 1995 2058 evacuatis
2021 2025 2069 2058 seu
2090 2022 2113 2060 rt

1270 2116 1393 2166 rescissis
1412 2117 1553 2182 seripturis
1575 2117 1626 2165 hac
1648 2116 1743 2166 fraude
1768 2115 1910 2174 confectis,
1936 2115 2069 2180 quidquid

1271 2239 1303 2272 eo
1335 2225 1450 2288 quisque
1482 2229 1603 2287 tempore
1632 2222 1772 2287 possidere
1804 2224 1982 2288 repperiatur,
2014 2239 2068 2288 quo

1270 2331 1399 2380 fueritin
1425 2331 1555 2395 predictis
1575 2330 1735 2380 criminibus
1761 2329 1955 2395 deprehensus,
1983 2336 2069 2380 totum

1271 2423 1402 2488 continuo
1429 2437 1486 2487 fisci
1507 2438 1610 2487 viribus
1630 2437 1664 2488 ad
1691 2438 1826 2502 integrum
1852 2436 2014 2503 adplicetur,
2041 2446 2071 2488 ut

1272 2546 1423 2595 concedere
1443 2546 1496 2594 ianr
1517 2546 1605 2595 dietas
1618 2543 1772 2603 facultates,
1786 2545 1857 2594 sicut
1870 2560 1953 2610 supra
1967 2545 2070 2596 dictum
2089 2558 2114 2594 so

1272 2659 1321 2711 cst,
1347 2653 1391 2702 cui
1417 2669 1463 2702 rex
1484 2652 1602 2702 volucrit
1629 2651 1670 2702 rel
1698 2651 1788 2701 facere
1815 2653 1911 2701 exinde
1938 2653 2069 2718 quidquid

1272 2757 1394 2824 clegerit,
1421 2760 1449 2808 in
1469 2775 1517 2808 suc
1538 2760 1683 2824 potestatis
1702 2759 1834 2810 consistat
1860 2759 1990 2819 arbitrio;
2016 2758 2071 2809 alia

1272 2883 1337 2916 vero
1367 2883 1531 2932 quecunque
1561 2867 1594 2916 ab
1623 2865 1673 2915 hac
1708 2864 1804 2916 fraude
1832 2864 1924 2916 alienu
1959 2867 2070 2917 inventa

1273 2975 1409 3024 extiterint
1443 2974 1568 3024 ordinata
1605 2972 1766 3039 legibusque
1798 2973 1939 3032 confecta,
1975 2975 2070 3039 vigore

1273 3082 1363 3146 legum
1383 3088 1511 3131 maneant
1530 3079 1655 3139 solidata,
1681 3079 1736 3130 illis
1755 3081 1789 3129 ab
1809 3080 1890 3129 huius
1914 3079 1983 3144 legis
2010 3097 2069 3130 scn-
2089 3089 2114 3130 st

1273 3191 1358 3240 tentia
1377 3190 1501 3256 personis
1522 3188 1663 3238 evidenter
1682 3189 1810 3253 exceptis,
1830 3188 1930 3253 quibus
1948 3203 2070 3252 aprece·

1272 3297 1399 3348 dentibus
1419 3297 1529 3362 regibus
1549 3294 1631 3361 culpa
1653 3295 1805 3344 dinoscitur
1823 3295 1907 3344 fuisse
1929 3309 2070 3344 concessa.

1273 3406 1341 3455 Nam
1360 3406 1382 3452 si
1402 3404 1577 3454 humanitatis
1597 3402 1700 3468 aliquid
1720 3403 1874 3468 cuicunque
1895 3401 1998 3466 perfido
2025 3417 2070 3451 rex

1273 3511 1372 3576 largire
1392 3509 1518 3569 volucrit,
1545 3527 1599 3560 non
1620 3511 1652 3560 de
1672 3508 1803 3559 facultate
1830 3510 1896 3568 eius,
1923 3510 1970 3559 sed
1998 3510 2070 3559 unde

1361 3703 1541 3774 perimendus
1565 3701 1610 3754 rel
1634 3719 1730 3756 omncs
1754 3719 1799 3754 res
1823 3700 1915 3764 buius,
1940 3701 1989 3771 qui
2012 3701 2069 3754 vite
2090 3715 2114 3752 ao

1325 3778 1335 3796 .

1258 3797 1263 3806 ’
1319 3816 1479 3890 spropter
1506 3827 1583 3863 stram
1614 3808 1769 3879 nequitiam
1801 3806 1992 3862 infelicissime
2023 3826 2069 3861 re·

1360 3918 1528 3972 servabitur.

1325 4165 1341 4214 l.
1359 4167 1379 4212 1.
1400 4155 1549 4226 ullatenus]
1562 4159 1718 4211 nullatenus
1732 4159 1775 4211 vel
1790 4159 1904 4210 ulterius
1922 4160 1982 4222 l'2;
2003 4159 2071 4209 ulla-

1272 4261 1352 4302 tenus
1376 4251 1418 4301 vel
1447 4250 1561 4301 ulterius
1583 4250 1638 4300 1⁷4.
1658 4252 1689 4311 6;
1717 4247 1854 4299 ullatenus
1881 4255 1929 4299 aut
1955 4247 2070 4299 ulterius

1279 4343 1334 4391 1'5.
1357 4343 1405 4401 17;
1424 4340 1581 4391 nullatenus
1602 4339 1675 4388 Vra.
1702 4338 1711 4396 ll
1737 4340 1753 4389 l.
1768 4341 1792 4388 3.
1816 4340 1989 4404 reperiuntur
2009 4337 2071 4388 Ε2.
2090 4353 2115 4391 st

1281 4431 1333 4496 Vs.
1371 4431 1411 4480 his
1425 4429 1526 4480 talibus
1542 4429 1595 4478 l'l.
1619 4427 1628 4488 ll
1651 4429 1702 4478 ts.
1719 4426 1823 4480 fallacii
1837 4426 1865 4476 E
1870 4446 1876 4489 3
1893 4426 2000 4477 fallacis
2017 4428 2070 4476 1'3.

1273 4522 1333 4571 15.
1360 4522 1387 4569 in
1407 4519 1538 4569 uxoribus
1560 4517 1621 4571 Ε2.
1641 4518 1698 4570 1'1.
1718 4519 1742 4566 6.
1772 4516 1781 4576 ll
1811 4518 1827 4566 l.
1848 4517 1872 4566 6.
1898 4517 2072 4568 inveniantur

1273 4609 1335 4659 Ε2.
1361 4609 1383 4656 l'
1396 4611 1419 4659 2.
1447 4607 1455 4668 ll
1481 4609 1497 4657 l.
1523 4609 1563 4658 10.
1592 4608 1729 4672 rccipiunt
1752 4606 1775 4654 l'
1789 4608 1811 4655 1.
1838 4604 1847 4665 ll
1873 4606 1889 4656 l.
1914 4607 1955 4656 12.
1983 4604 2071 4657 solum

1273 4700 1346 4764 quod
1366 4715 1389 4748 c.
1411 4698 1466 4746 1⁷1.
1513 4691 1659 4759 veridicas]
1679 4696 1809 4746 iuridieas
1828 4695 1852 4743 1¹*
1861 4697 1885 4746 2.
1908 4693 1917 4754 ll
1940 4696 1957 4745 l.
1973 4697 2014 4745 13.
2033 4696 2072 4746 vi-

1273 4788 1371 4838 dentur
1392 4787 1413 4834 l'
1425 4790 1447 4836 1.
1486 4781 1630 4850 conticere]
1650 4785 1784 4836 conticere
1802 4783 1844 4834 vel
1866 4785 1988 4850 proferre
2008 4785 2071 4846 1⁷53
2091 4799 2116 4836 sc

1273 4878 1397 4927 conferre
1416 4877 1478 4936 1'23
1499 4875 1621 4925 conferre
1635 4873 1679 4924 vel
1700 4874 1820 4940 proferre
1838 4872 1861 4920 1⁷
1870 4875 1894 4922 4.
1916 4871 1924 4933 Η
1946 4874 2016 4923 114.
2030 4891 2071 4924 ar·

1273 4967 1505 5031 gumentationern
1525 4964 1581 5013 l'l.
1605 4962 1613 5022 ll
1637 4964 1653 5013 l.
1670 4965 1710 5013 15.
1730 4964 1865 5029 amputari
1886 4963 1939 5013 Vl.
1953 4965 1978 5013 2.
2016 4962 2071 5014 cul·

1274 5050 1351 5118 catis]
1377 5052 1546 5104 conculcatis
1575 5053 1597 5100 Γ
1613 5056 1635 5102 1.
1668 5051 1676 5112 ll
1709 5053 1725 5103 l.
1746 5053 1787 5103 16.
1815 5046 1947 5116 rescissis]
1977 5054 2072 5103 recisis

1281 5145 1338 5193 l'l.
1357 5145 1382 5193 2.
1420 5143 1551 5208 quicquid
1573 5142 1598 5190 Ε
1610 5144 1633 5192 1.
1654 5141 1710 5192 1'1.
1734 5143 1743 5202 ll
1766 5144 1783 5192 l.
1798 5143 1839 5192 l'l.
1860 5136 1950 5205 eolde
1965 5158 1998 5192 eo
2014 5142 2071 5204 1³33

1274 5251 1307 5283 ex
1336 5251 1368 5284 eo
1399 5233 1463 5282 1'4.
1493 5233 1563 5283 illud.
1596 5233 1605 5292 ll
1637 5234 1653 5283 l.
1680 5235 1722 5283 20.
1753 5227 1818 5296 ianr]
1850 5235 1883 5284 de
1915 5233 1969 5282 iarn
2001 5232 2028 5281 Ε
2049 5235 2072 5282 1.
2096 5245 2117 5283 rt

1274 5323 1290 5373 l.
1302 5325 1343 5372 21.
1361 5322 1492 5386 quiequid
1507 5321 1534 5370 E
1543 5325 1565 5370 1.
1581 5322 1634 5371 Vl.
1648 5323 1673 5372 6.
1698 5319 1706 5380 ll
1729 5323 1746 5374 l.
1757 5324 1799 5372 22.
1817 5316 1959 5384 consistat]
1973 5323 2072 5372 existat

1277 5411 1336 5462 ΕΙ.
1360 5410 1368 5471 ll
1392 5413 1408 5461 l.
1423 5414 1465 5461 25.
1485 5406 1638 5474 illislillius
1659 5411 1686 5460 Ε
1699 5414 1721 5464 1.
1743 5410 1753 5470 Η
1776 5412 1792 5461 l.
1807 5412 1849 5460 29.
1870 5409 1962 5476 largiri
1980 5411 2072 5461 Vna.

1326 5501 1343 5550 l.
1358 5502 1400 5550 30.
1421 5494 1603 5565 perimendus]
1624 5501 1787 5566 promendus
1809 5500 1864 5548 l't.
1911 5515 2006 5551 omnes
2029 5515 2072 5551 res

1273 5585 1308 5653 hl
1319 5591 1346 5638 in
1356 5588 1430 5639 illius
1446 5588 1499 5649 1'43
1511 5587 1585 5638 illius
1599 5589 1652 5639 1'5.
1664 5590 1687 5639 6.
1726 5590 1772 5654 qui
1781 5583 1848 5652 vite]
1859 5590 1904 5639 cui
1913 5590 1970 5639 rita
1983 5589 2036 5639 1²5.
2048 5591 2072 5638 6.

1273 5680 1290 5728 l.
1304 5681 1346 5729 31.
1367 5679 1549 5728 reservavitur
1569 5678 1631 5739 1'4;
1651 5684 1805 5729 reservatur
1825 5678 1899 5728 1'15.
2091 5690 2118 5728 so
