4372 6254
542 324 695 380 CODlClS
719 325 921 382 EURICIANI
944 326 1189 382 FRAGMENTA
1214 326 1287 382 322.
1314 325 1388 382 323.

498 536 558 600 per
581 514 689 578 odium
716 537 828 578 eorum
850 515 933 578 forte
956 515 1185 600 prospexerint
1207 514 1250 579 ad
1274 514 1374 579 mille-

499 621 650 684 narium1
673 621 726 685 vel
749 621 792 685 ad
816 623 967 686 comitem
991 623 1133 686 civitatis
1158 632 1214 686 aut
1236 620 1378 685 iudicem

498 728 620 792 referre
645 750 711 791 non
734 727 895 809 differant,
919 738 956 792 ut
977 739 1114 794 matrem
1139 751 1231 793 suam
1254 751 1329 792 con-

499 835 672 898 testatione
696 845 934 916 commoncant,
957 857 999 898 ne
1023 857 1085 919 res,
1110 859 1192 923 quas
1216 835 1258 900 ad
1281 858 1389 900 usum-

498 942 639 1006 fructum
664 943 801 1028 accepit,
826 927 961 1006 evertat.
1008 943 1093 1007 Nam
1115 942 1361 1023 usumfructum,

500 1071 596 1134 quem
619 1049 692 1135 ipsa
713 1049 820 1112 fuerat
842 1059 1047 1135 perceptura,
1073 1049 1150 1114 darc
1175 1051 1228 1113 cui
1252 1049 1361 1114 volue-

501 1154 564 1243 [rit,
587 1155 654 1219 filio
678 1154 730 1219 vel
753 1155 850 1238 filiae,
874 1178 940 1219 non
963 1162 1119 1220 vetetur².
1158 1156 1283 1220 Verum
1307 1154 1345 1243 si]
1429 1173 1439 1194 ·

501 1261 554 1350 [ex
579 1283 619 1326 ea
640 1262 884 1328 usufructuaria
906 1263 1054 1348 portione
1078 1262 1202 1350 aliquid
1225 1261 1355 1350 proba]-

501 1369 565 1457 [tur
588 1391 747 1450 eversum,
771 1369 846 1432 filiis
870 1381 943 1455 post
965 1379 1101 1434 mortem
1124 1372 1237 1434 matris
1262 1369 1314 1458 de]

501 1475 581 1563 [eius
605 1473 814 1540 facultatibus
839 1477 1007 1540 sarciatur.
1053 1477 1133 1540 Post
1156 1475 1290 1565 obitum]

501 1581 589 1671 [vero
614 1583 725 1646 matris
748 1584 863 1669 portio,
889 1605 987 1669 quam
1011 1592 1194 1669 acceperat,
1219 1583 1261 1648 ad
1283 1583 1378 1671 filios]

502 1688 672 1778 [equaliter
694 1699 886 1772 revertatur,
911 1691 988 1775 quia
1011 1713 1075 1755 non
1098 1671 1264 1778 possunt]¹

223 1836 248 1872 ρ,
258 1824 330 1872 usa
339 1823 357 1865 2.
366 1823 431 1874 usu.
499 1796 540 1861 de
563 1795 713 1883 pater[na
735 1795 915 1860 hereditate
939 1796 1093 1861 fraudari.
1142 1795 1238 1877 Quod
1263 1797 1290 1860 si
1314 1795 1393 1885 ma]-

498 1914 549 1968 ter
572 1903 614 1967 ad
638 1902 731 1990 ali[as
755 1903 885 1989 nuptias
908 1903 990 1968 fortc
1014 1903 1188 1985 transierit,
1214 1926 1256 1968 ex
1280 1925 1319 1968 ea
1342 1902 1407 1992 die]

499 2009 784 2098 usufruc[tnariam
809 2011 1001 2096 portionem,
1027 2032 1123 2096 quarn
1149 2009 1319 2100 debonis]

498 2118 607 2182 mariti
630 2115 749 2206 fu[erat
773 2127 957 2198 consecuta,
981 2117 1038 2180 filii
1061 2119 1147 2181 inter
1169 2117 1256 2206 reli]-

500 2247 580 2311 quas
604 2246 656 2288 res
682 2222 856 2311 [paternas,
882 2225 937 2310 qui
961 2246 1003 2288 ex
1027 2246 1065 2288 eo
1090 2225 1158 2288 nati
1182 2235 1257 2288 sunt
1280 2223 1368 2313 con]-

498 2332 597 2417 iugio,
622 2328 871 2418 vin[dicabunt].

433 2507 650 2575 cccxxlss.
696 2507 845 2596 M[aritus
870 2509 897 2572 si
921 2531 996 2573 cum
1019 2510 1122 2574 servis
1146 2510 1257 2574 uxoris
1281 2511 1315 2572 in
1339 2508 1408 2597 ως]-
1499 2535 1683 2584 =n.ru.1r,s,
1693 2536 1726 2579 u.

491 2614 676 2704 perditique
701 2614 825 2702 aliquid
847 2615 930 2680 lucri
954 2615 1052 2680 fuerit
1076 2614 1293 2705 consecutus],

499 2722 579 2786 nihil
602 2720 730 2810 munde
754 2745 838 2786 uxor
861 2746 881 2787 a
903 2724 974 2786 viro
999 2745 1056 2787 suo
1080 2734 1269 2809 praesumat
1292 2723 1397 2812 repe]-

139 3001 296 3073 spexerint,
322 3001 357 3056 ad
381 3001 511 3056 comitem
535 3001 657 3056 civitatis
681 3007 731 3056 aut
754 3000 796 3056 ad
816 3001 938 3055 iudicem

139 3109 248 3164 referre
267 3125 323 3162 non
335 3107 479 3175 differant,
491 3115 524 3162 ut
535 3114 654 3162 matrem
666 3127 717 3162 sua
729 3109 937 3164 contestatione

140 3221 337 3283 conmoucant,
355 3232 391 3269 ne
407 3233 464 3282 ros,
482 3232 551 3285 quas
567 3212 799 3270 usufructuariae
814 3215 936 3285 acecpit,
984 3279 985 3284 Ἰ

94 3339 120 3378 25
140 3329 262 3378 evertat.
302 3321 374 3375 Nam
397 3321 556 3390 usufructu,
582 3339 665 3391 quem
681 3322 743 3392 ipsa
761 3321 855 3376 fuerat
871 3340 937 3393 por-

140 3436 269 3500 ceptura,
297 3430 364 3484 dare
395 3429 441 3483 cui
463 3428 594 3496 voluerit,
625 3427 682 3483 filio
706 3433 752 3482 rel
782 3426 851 3494 filie,
882 3446 938 3482 non

139 3543 263 3592 vetetur.
312 3534 372 3591 Sed
392 3542 419 3590 et
440 3535 517 3609 quud
538 3535 572 3590 de
598 3533 659 3608 ipso
688 3554 740 3590 usu
764 3533 821 3596 ,sibi
850 3533 938 3590 debito

140 3643 209 3700 iuste
232 3641 398 3717 conquirere
414 3640 549 3716 poneris,
568 3640 669 3711 saciat
690 3641 880 3716 qrtodcumqae
898 3639 939 3696 illi

140 3748 319 3806 ouruuutodis
341 3746 487 3804 imtissime
504 3747 648 3822 placuerit
659 3741 706 3822 (l).
742 3749 848 3802 Verum
864 3748 887 3801 si
904 3766 938 3802 ex

95 3877 122 3916 so
141 3876 176 3913 ea
198 3855 406 3910 usufructuaria
428 3855 558 3926 portione
574 3854 680 3926 aliquid
703 3855 839 3926 probatur
856 3871 936 3909 ever-

140 3983 212 4032 sum,
235 3962 299 4017 filiis
322 3969 387 4033 post
414 3969 537 4016 mortem·
562 3962 659 4016 matris
689 3962 726 4016 dc
758 3962 818 4017 eius
848 3961 937 4015 facul-

141 4073 248 4127 tatibus
283 4070 430 4124 sarciatur.
487 4069 557 4123 Post
590 4069 698 4123 obitum
736 4086 803 4123 vcro
841 4068 937 4122 matris

140 4179 243 4251 portio,
268 4195 351 4247 quam
367 4183 458 4231 mater
474 4182 636 4246 acceperat,
656 4177 692 4230 ad
708 4175 780 4230 filios
797 4175 939 4246 equaliter

142 4291 318 4350 revertatur,
360 4283 427 4354 quia
464 4301 520 4337 non
557 4289 677 4354 possunt
715 4283 751 4338 de
790 4290 938 4353 paternam

97 4411 123 4450 ss
141 4392 331 4448 hereditatem
355 4390 488 4445 fraudari.
537 4389 619 4452 Quod
644 4391 666 4444 si
689 4395 781 4443 mator
804 4391 839 4444 ad
870 4389 939 4444 alias
1062 4386 1096 4442 L.
1108 4384 1175 4442 Bai.
1192 4386 1241 4456 15,
1256 4385 1289 4441 8:
1308 4384 1391 4450 Quod
1404 4387 1427 4440 si
1442 4393 1533 4442 mater
1548 4387 1584 4442 ad
1596 4387 1666 4442 alius
1677 4387 1791 4457 nuptias

142 4499 255 4569 nuptias
278 4497 351 4553 forte
369 4497 522 4563 transierit,
541 4515 575 4552 ex
592 4515 626 4551 ea
642 4498 688 4552 dic
705 4496 940 4551 usufructuariam
993 4493 1067 4549 forte
1084 4494 1238 4560 transierit,
1260 4511 1295 4548 ca
1310 4494 1355 4549 dio
1372 4493 1607 4549 usufructuariam
1622 4494 1789 4566 portionem,

143 4606 309 4676 portionem,
342 4622 425 4675 quam
449 4604 484 4658 de
511 4601 596 4658 bonis
626 4604 716 4658 mariti
747 4603 841 4658 fuerat
872 4622 938 4658 con·
995 4621 1077 4672 quarn
1101 4603 1137 4656 dc
1156 4601 1236 4655 bonis
1253 4601 1343 4654 mariti
1361 4600 1454 4656 fuerat
1472 4607 1633 4668 consecuta,
1651 4599 1701 4654 filii
1717 4601 1792 4654 inter

144 4719 251 4778 secuta,
275 4710 325 4765 filii
348 4711 424 4765 inter
446 4710 569 4781 reliquas
593 4729 639 4764 res
663 4719 808 4781 paternas,
833 4711 881 4780 qui
905 4729 939 4765 cx
993 4709 1118 4779 reliquas
1141 4725 1186 4763 res
1210 4715 1352 4778 paternas,
1379 4708 1427 4778 qui
1451 4725 1485 4762 ex
1509 4725 1543 4762 eo
1566 4708 1626 4762 nati
1641 4713 1708 4761 sunt
1724 4725 1790 4762 con·

145 4837 178 4874 co
202 4819 259 4873 nati
283 4825 349 4872 sunt
372 4817 512 4889 coniugio,
536 4818 730 4872 vindicabunt.
994 4816 1079 4888 iuffl'o,
1104 4815 1298 4869 vindicabunt.

97 5017 125 5054 so
250 4993 434 5050 CCCXXIII.
483 4995 518 5050 L.
542 4995 598 5051 Vis.
623 4992 726 5064 1V‚2,
748 4993 803 5050 15:
835 4995 954 5050 Maritus
984 4995 1007 5049 si
1037 5012 1100 5048 oum
1124 4994 1212 5047 servis
1234 4993 1327 5048 uxoris
1350 5011 1400 5046 suc
1426 4991 1532 5062 aliquid
1555 4991 1722 5062 adquisierit
1745 4990 1792 5046 vel

144 5105 171 5157 in
196 5103 377 5174 expeditione
402 5102 509 5173 aliquid
532 5101 602 5156 lucri
626 5101 713 5156 fucrit
737 5109 917 5168 consecutus,
940 5101 1009 5155 nihil
1034 5101 1135 5154 exinde
1155 5118 1224 5155 uxor
1239 5118 1256 5154 a
1271 5099 1329 5154 siro
1349 5117 1398 5154 suo
1414 5105 1559 5170 presumat
1575 5105 1721 5169 repetere,
1738 5115 1792 5154 nec

254 5369 281 5439 l)
308 5367 511 5437 Millenariam,
535 5368 584 5443 qui
605 5368 679 5425 alias
702 5368 852 5438 tlriusudus
874 5375 999 5435 vocatur,
1031 5375 1154 5442 tempore
1177 5366 1279 5423 Earici
1307 5367 1383 5442 repis
1412 5386 1469 5423 nou
1498 5367 1586 5422 solum
1615 5364 1791 5435 militaribus,

143 5475 195 5531 sed
215 5474 295 5532 etiam
320 5473 443 5531 civilibus
472 5473 554 5530 rebus
577 5475 710 5545 stinctum
742 5494 800 5531 esse
830 5475 899 5530 llaec
928 5475 974 5530 lex
1004 5474 1184 5530 dunorrstrat.
1300 5472 1330 5542 2)
1364 5471 1413 5544 Cf.
1437 5472 1583 5530 Nouellum
1608 5471 1707 5530 Seueri
1729 5470 1792 5526 cit..-

144 5590 247 5638 metres
271 5623 278 5638 .
304 5623 312 5636 .
338 5623 345 5635 .
370 5582 544 5636 usufructum
568 5601 647 5636 suurn
671 5583 716 5637 cui
739 5583 879 5636 voluerint
902 5582 1068 5653 largiantur.
1118 5579 1261 5654 Interpr:
1292 5578 1367 5635 Sane
1392 5581 1428 5634 dc
1455 5580 1604 5635 usufructu
1634 5597 1684 5634 suo
1717 5619 1723 5632 .
1750 5619 1756 5632 .
1783 5619 1790 5631 .

98 5709 125 5748 ss
145 5687 256 5758 (suntor)
281 5689 404 5745 donandi
427 5690 471 5744 cui
495 5689 616 5744 volucrit
639 5689 755 5745 liberam
779 5689 884 5744 habeat
907 5695 1091 5760 potestatem.
