4478 6246
656 320 734 376 tex
758 319 1059 378 vrasocnouun
1082 321 1134 391 111,
1154 321 1183 390 t,
1202 321 1253 377 13.
1714 315 1776 379 153

134 515 242 586 Reos-l
265 505 442 572 accusandi
463 506 517 572 vel
539 504 762 593 conprehendi
787 505 929 572 lieentia.
982 516 1070 587 lirul
1099 524 1226 588 expedire
1246 521 1366 588 legidme
1385 524 1498 590 possint,
1516 538 1551 573 ne
1570 523 1694 584 tenure,
1713 524 1778 574 dum
1796 517 1946 591 111,4,18.

136 612 232 679 Certe
255 615 283 678 si
306 622 363 680 aut
384 612 442 678 iiiii
465 613 592 695 desunt,
616 621 673 678 aut
694 635 760 678 non
783 612 928 678 eiusdem
983 626 1079 680 dilatio
1093 626 1245 680 ulciscendi
1258 627 1386 680 adulterii
1399 629 1552 688 intercedit,
1572 635 1621 680 eut
1634 629 1777 696 deceptum

137 722 231 786 etatis
274 720 328 785 vel
373 720 530 804 sollertie,
577 721 633 806 qui
675 719 737 784 hoe
783 721 927 806 expetire
982 735 1108 786 maritum
1120 734 1308 787 fraudulenter
1320 734 1444 787 adultera
1456 736 1580 802 perimat,
1599 743 1648 787 aut
1659 735 1777 788 facultas

136 827 278 914 legitime
301 829 435 914 possint,
465 849 506 892 ne
532 826 680 909 fortune,
710 825 788 891 dum
817 825 928 892 dssetio
983 842 1041 892 eins
1067 840 1129 892 tiliis
1155 843 1212 892 suis
1238 847 1286 892 sut
1312 843 1470 909 propinquis
1496 859 1529 894 ex
1552 842 1605 893 hac
1631 845 1777 895 occasione

105 933 314 1000 tiilcieeendi
338 933 488 999 adulterii
514 932 695 1016 intercedit,
725 942 782 997 aut
811 931 927 1020 deeep-
983 950 1126 1016 depsreat,
1162 941 1331 1016 propinquos
1361 951 1451 1001 manti
1486 948 1610 1000 adultere
1640 950 1689 1001 sub
1726 951 1778 1002 hac

135 1051 204 1107 tum
219 1041 370 1106 maritum
385 1039 608 1106 fraudulenter
622 1039 769 1105 adultera
780 1040 927 1127 perimat,
982 1056 1146 1108 discretione
1166 1057 1314 1108 accusandi
1327 1054 1479 1108 adulteram
1492 1055 1536 1107 lex
1551 1057 1606 1106 ista
1624 1058 1777 1117 constituit,

136 1156 192 1213 aut
213 1147 352 1213 facultas
375 1148 445 1212 eius
468 1145 541 1212 filiis
564 1147 632 1212 suis
655 1155 711 1212 aut
736 1147 929 1234 propinquis
983 1157 1037 1214 ut*
1062 1165 1095 1224 si,
1123 1164 1307 1214 accusationis
1332 1163 1413 1213 huius
1440 1161 1568 1213 fiduciam
1596 1164 1778 1225 adsumentes,

136 1277 179 1320 ex
215 1253 277 1320 hac
311 1254 482 1320 occasione
521 1252 692 1341 depereat,
730 1253 929 1342 propinquos
984 1267 1148 1322 melanium
1178 1267 1300 1321 mulieris
1332 1285 1425 1321 eorum
1460 1270 1637 1334 inquisitione
1669 1277 1779 1322 coram

1031 1435 1057 1514 *)
1077 1448 1125 1498 νε
1139 1465 1189 1514 pen
1208 1450 1240 1498 nt
1259 1443 1282 1498 ei
1301 1473 1338 1482 -
1357 1441 1523 1498 innurem
1541 1442 1578 1512 (p.
1593 1449 1651 1510 154,
1668 1448 1685 1497 ι.
1701 1444 1745 1510 te)
1757 1456 1780 1499 et

1079 1555 1136 1605 Vt
1165 1563 1224 1620 post
1258 1549 1424 1606 facultatem
1451 1554 1589 1620 praetm:
1620 1550 1725 1606 Verum
1755 1556 1779 1606 si

1071 1656 1132 1726 filii,
1151 1662 1233 1712 huius
1254 1661 1427 1712 adsumentes
1446 1662 1631 1712 accusationis
1643 1661 1779 1720 fiduciam,

1073 1768 1193 1820 mulieris
1213 1766 1377 1822 adulterium
1396 1784 1487 1820 coram
1500 1768 1590 1818 iudice
1603 1767 1780 1832 inquisitione

1072 1874 1209 1926 illorum
1239 1876 1381 1926 manifeste
1411 1875 1545 1942 patuerit,
1576 1879 1642 1926 tunc
1674 1873 1782 1925 adulter

1072 1977 1214 2050 legitimos
1242 1976 1315 2032 filios
1338 1994 1395 2032 non
1424 1976 1532 2033 habens
1565 1997 1624 2032 cum
1656 1981 1780 2032 omnibus

1073 2089 1153 2140 rebus
1176 2085 1233 2138 suis
1259 2091 1288 2139 ct
1311 2083 1396 2139 rebus
1419 2084 1559 2140 scelerate
1582 2082 1706 2138 mulieris
1725 2084 1780 2137 illis

1073 2196 1265 2246 incunctanter
1282 2195 1443 2246 tradendus
1462 2201 1518 2246 est
1535 2196 1713 2253 serviturus,
1733 2193 1796 2258 qni-

1073 2303 1142 2353 hanc
1162 2303 1347 2354 camanonem
1363 2303 1416 2354 visi
1434 2303 1536 2353 fuerint
1553 2302 1701 2353 iustissime
1720 2315 1780 2366 pro·

1075 2411 1169 2475 sequi;
1199 2405 1242 2460 ita
1263 2422 1385 2476 namque
1408 2411 1450 2473 ut,
1475 2405 1498 2459 si
1520 2404 1622 2459 mulier
1650 2403 1782 2460 adultera

1072 2511 1145 2566 filios
1168 2510 1300 2568 habuerit
1324 2528 1358 2566 ex
1380 2511 1474 2583 priore
1497 2511 1544 2567 vel
1568 2529 1602 2568 ex
1628 2511 1690 2583 ipso
1713 2527 1779 2565 con-

1072 2619 1160 2690 iugio,
1183 2618 1259 2673 unde
1282 2617 1324 2672 illi
1347 2617 1401 2672 orti
1424 2624 1500 2687 sunt,
1531 2617 1581 2689 qui
1604 2635 1666 2672 cam
1696 2634 1779 2672 accu-

1073 2730 1224 2793 saverunt,
1263 2729 1332 2796 quot
1365 2724 1394 2778 in
1428 2741 1544 2780 numero
1578 2723 1702 2792 suenni,
1737 2729 1780 2778 tot

1073 2831 1211 2902 recipiant
1227 2829 1394 2886 facultatum
1409 2837 1506 2903 partes
1519 2830 1659 2886 scelerate
1672 2830 1779 2897 matris,

1073 2941 1151 2993 salva
1172 2947 1279 2993 tantum
1304 2935 1405 2994 nefarii
1427 2937 1550 2994 adulteri
1574 2943 1672 3000 anima,
1699 2957 1780 3006 quam

1075 3050 1225 3116 penitentie
1257 3049 1291 3100 ad
1323 3048 1440 3100 lamenta
1470 3050 1580 3115 pietatis
1610 3046 1781 3114 indulgentia

1075 3171 1258 3218 reservamus;
1278 3160 1422 3216 ettamen,
1444 3171 1497 3222 qne
1516 3157 1545 3207 in
1564 3154 1780 3214 detruncatione,

1074 3261 1183 3328 flagello
1215 3263 1337 3328 corporis
1368 3258 1516 3313 ordinante
1549 3257 1642 3312 iudice
1674 3263 1703 3311 in
1741 3276 1780 3312 eo

1074 3370 1204 3436 inpertire
1222 3367 1368 3429 voluerint,
1386 3367 1525 3419 licentiam
1543 3385 1592 3434 per
1609 3369 1690 3419 huius
1712 3366 1780 3434 logis

1075 3475 1244 3527 sanctionem
1263 3477 1440 3526 decernimus.
1477 3471 1580 3526 Mulier
1598 3488 1665 3526 vero
1688 3470 1779 3525 scele-

1074 3586 1138 3635 rata
1174 3580 1295 3634 donetur
1332 3597 1350 3634 a
1386 3578 1514 3650 principe
1552 3578 1692 3632 servitura
1736 3576 1781 3633 cui

1074 3685 1223 3758 placuerit,
1258 3691 1307 3740 aut
1337 3686 1373 3740 de
1406 3703 1440 3741 ea
1468 3684 1555 3740 faciat
1584 3683 1780 3756 quodcumque

1074 3793 1205 3848 voluerit.
1253 3792 1362 3847 Tamen
1384 3792 1407 3847 ei
1431 3794 1555 3847 adultus
1584 3795 1705 3846 eiusdem
1730 3793 1779 3844 filii

1076 3918 1110 3954 ex
1140 3904 1201 3969 ipso
1232 3904 1291 3954 viro
1320 3904 1373 3954 iam
1401 3907 1538 3968 tempore,
1570 3917 1623 3966 quo
1653 3902 1781 3952 convicte

1075 4011 1157 4060 fucrit
1193 4009 1247 4060 talo
1277 4009 1384 4060 facinus
1414 4015 1598 4075 perpetrasse,
1636 4008 1780 4068 defuerint,

1075 4117 1222 4182 propinqui
1240 4112 1331 4166 mariti
1350 4115 1471 4166 mulieris
1490 4115 1622 4175 adultere,
1643 4111 1692 4182 qui
1706 4111 1780 4165 iuste

1075 4218 1126 4272 visi
1164 4217 1271 4275 fuerint
1308 4219 1443 4274 instantia
1477 4235 1528 4273 sua
1561 4235 1655 4273 coram
1688 4218 1780 4274 iudice

1075 4326 1207 4397 prosequi
1245 4325 1368 4380 mulieris
1406 4324 1593 4390 adulterium,
1639 4329 1782 4380 obtineant

1074 4436 1232 4487 facultates
1265 4432 1466 4487 sceleratorum
1500 4431 1625 4503 pleniter
1655 4437 1685 4486 et
1714 4450 1780 4502 per-

1074 4556 1172 4606 sonas,
1204 4539 1227 4593 si
1254 4544 1348 4594 tamen
1378 4539 1510 4593 scelerati
1539 4536 1611 4592 filios
1640 4538 1781 4609 legitimos

1074 4663 1130 4701 non
1152 4645 1320 4714 habuerint;
1354 4646 1420 4716 quia
1442 4663 1495 4701 nec
1517 4643 1567 4700 filii
1590 4645 1717 4716 poterint
1745 4645 1781 4700 de

1075 4759 1225 4822 parentum
1242 4751 1404 4808 hereditate
1421 4751 1555 4818 fraudari,
1579 4770 1632 4806 nee
1648 4750 1781 4806 scelerati

1076 4859 1218 4929 quiverint
1241 4876 1353 4914 manere
1378 4859 1509 4930 inpositi,
1534 4859 1585 4913 sed
1610 4865 1692 4913 enrnt
1716 4876 1780 4929 pro-

1074 4965 1240 5037 pinquorum
1263 4966 1356 5020 mariti
1371 4965 1495 5020 mulieris
1510 4965 1631 5020 servitiis
1647 4965 1781 5020 addicati.

192 5161 291 5220 111,4,
313 5162 353 5211 13.
398 5160 415 5209 Ι.
439 5161 462 5211 1.
487 5153 542 5221 vel]
572 5163 599 5210 et
625 5157 691 5208 122.
747 5157 933 5224 conprovandi
1041 5157 1094 5217 ΙΙΙ,
1114 5159 1138 5212 4,
1160 5158 1201 5208 13.
1238 5157 1293 5207 tr.
1312 5161 1427 5222 possunt
1446 5155 1474 5206 Ji
1485 5158 1508 5206 l.
1532 5153 1540 5216 ll
1563 5157 1615 5207 tt.
1628 5156 1782 5206 intercedat

138 5250 199 5301 ΙΙΙ.
225 5247 234 5310 ΙΙ
260 5250 277 5300 Ι.
291 5252 316 5300 2.
336 5242 467 5312 eiusdem]
487 5247 590 5298 eisdem
609 5247 670 5297 rt1.
696 5245 705 5307 ll
730 5247 748 5298 Ι.
761 5249 785 5297 3.
805 5245 932 5313 expedire
994 5246 1056 5307 111,
1077 5245 1217 5296 intercidit
1237 5245 1260 5294 1⁷
1268 5247 1292 5296 2.
1324 5243 1334 5307 ΙΙ
1365 5245 1381 5295 Ι.
1399 5247 1423 5295 4.
1446 5239 1503 5309 aut]
1521 5244 1559 5295 ito
1577 5244 1646 5307 El;
1665 5244 1708 5294 vel
1727 5253 1781 5295 cett.

99 5347 123 5387 ts
139 5339 199 5392 ita.
222 5338 231 5400 ΙΙ
253 5339 270 5390 Ι.
284 5340 309 5390 i.
329 5333 372 5402 ne]
385 5351 435 5389 nec
455 5337 480 5388 R
494 5339 517 5387 1.
539 5334 549 5396 ΙΙ
571 5337 588 5386 Ι.
602 5337 626 5388 i.
639 5341 695 5387 'aut
706 5329 876 5402 propinquis]
888 5333 932 5385 vel
987 5336 1004 5386 Ι.
1018 5336 1042 5385 t.
1062 5330 1238 5400 propinquos]
1253 5336 1405 5401 propinquo
1420 5333 1447 5384 Ε
1455 5337 1478 5384 l.
1501 5333 1510 5394 ll
1533 5335 1550 5384 Ι.
1564 5335 1588 5384 6.
1608 5328 1782 5397 discretione]

139 5427 250 5494 palii.
265 5428 318 5478 Va
339 5424 348 5487 ΙΙ
368 5427 385 5477 Ι.
399 5427 423 5477 8.
443 5424 678 5477 hoccasioneRl.
715 5423 933 5491 propincusltl.
988 5424 1230 5475 districtione
1250 5422 1312 5473 Et.
1332 5423 1584 5485 tllcd.;occasione
1604 5423 1679 5473 Via.
1715 5417 1779 5484 ista]

988 5517 1043 5564 sta
1065 5511 1127 5563 Es.
1152 5510 1162 5574 ΙΙ
1188 5513 1204 5562 Ι.
1219 5515 1242 5564 Β.
1262 5507 1364 5574 coram]
1386 5519 1481 5564 contra
1500 5511 1528 5562 Ε
1537 5513 1562 5563 2.
1588 5508 1598 5572 ΙΙ
1623 5512 1696 5563 Ι22.
1716 5511 1782 5560 reci·

987 5597 1075 5668 piant]
1094 5601 1131 5652 tta
1151 5602 1212 5665 t'e;
1240 5603 1377 5668 accipiant
1401 5601 1425 5650 V
1440 5603 1464 5651 4.
1498 5599 1507 5661 ΙΙ
1541 5603 1558 5652 l.
1578 5603 1620 5651 41.
1646 5601 1783 5666 quiverint

987 5689 1053 5741 deest
1071 5691 1127 5742 Vt.

1536 5797 1570 5847 20
