4388 6226
366 366 431 428 482
806 367 1104 424 SUPPLEMENTA.
1128 395 1173 406 --
1197 364 1311 421 CONC.
1336 364 1477 420 TOLET.
1502 364 1581 420 XVI.

366 559 462 624 factis
486 558 672 644 recipimus,
698 555 826 620 dicente
850 555 993 620 Domino
1017 577 1076 640 per
1099 553 1308 640 prophetam:
1341 551 1510 637 ‘Propter1
1540 549 1602 615 hoe
1631 548 1757 636 lugebit
1786 561 1883 634 terra,
1912 561 1946 617 et
1974 553 2022 616 in·

367 663 550 730 firmabitur
574 665 688 744 omnis,
720 663 775 749 qui
799 659 925 726 habitat
953 663 987 724 in
1012 660 1072 742 ea’,
1103 669 1319 746 opportunum
1350 659 1428 722 satis
1459 667 1518 739 est,
1550 666 1586 722 ut
1614 679 1674 744 per
1703 679 1772 740 vos,
1802 657 1860 743 qui
1890 657 2022 722 divinae

365 773 458 836 vocis
477 770 676 858 praeconio²
700 767 884 833 ‘salterrae
905 767 1003 850 estia',
1027 765 1215 830 salvationis
1234 762 1380 829 obtineat
1403 786 1509 850 opem.
1544 763 1641 828 Unde
1657 762 1880 829 venerabilem
1904 766 2021 830 sancti-

365 879 442 942 tatis
466 887 596 940 vestrae
619 876 866 939 universitatem
890 873 1053 955 exhortor,
1077 883 1113 938 ut
1136 871 1284 958 inprimis
1308 870 1412 935 almae
1433 868 1511 934 fidei
1533 870 1704 952 rectitudo,
1724 893 1810 956 quae
1833 894 1893 957 per
1910 894 2022 936 veram

367 982 593 1048 credulitatem
623 982 657 1045 in
688 982 775 1045 omni
805 989 964 1044 terrarum
1001 977 1078 1043 orbe
1114 978 1233 1042 diffusa
1267 975 1473 1064 expanditur,
1504 987 1633 1042 vestrae
1668 977 1849 1042 collationis
1885 977 2052 1065 eloquiiss

366 1097 594 1177 praeconetur,
625 1086 816 1174 praedicata
845 1087 1008 1150 veraciter
1036 1095 1195 1166 teneatur,
1225 1093 1353 1148 retenta
1382 1084 1416 1147 in
1444 1105 1565 1148 arcano
1595 1085 1696 1148 vestri
1726 1086 1868 1170 pectoris
1898 1083 2023 1150 illibata

367 1205 524 1260 servetur.
577 1194 718 1276 Deinde,
750 1194 828 1279 quia
858 1193 1085 1278 comperimus,
1121 1190 1209 1277 quod
1242 1190 1362 1255 multae
1392 1189 1458 1254 Dei
1491 1189 1648 1254 basilicae
1682 1191 1717 1254 in
1751 1190 1907 1277 dispersis
1942 1191 2021 1256 locis

366 1300 596 1388 parochiarum
619 1310 802 1364 vestrarum
826 1301 1030 1381 constitutae,
1056 1298 1132 1363 dum
1160 1297 1204 1362 ad
1225 1298 1321 1362 unius
1351 1297 1532 1382 respiciunt
1560 1296 1796 1362 ordinationem
1825 1297 2021 1385 presbyteri,

366 1431 428 1473 nee
459 1406 592 1472 assidua
621 1409 655 1471 in
686 1408 733 1471 eis
764 1406 907 1470 Domino
938 1405 1100 1470 sacrificia
1131 1402 1326 1486 delibantur,
1357 1412 1390 1467 et
1420 1402 1593 1468 destitutae
1623 1413 1792 1468 remanent
1822 1415 1921 1492 atque
1952 1407 2021 1470 sine

367 1515 462 1579 tectis
486 1514 539 1578 vel
563 1515 737 1578 semirutae
761 1512 831 1577 fore
854 1521 1042 1594 noscuntur,
1067 1511 1253 1597 specialiter
1275 1510 1309 1573 in
1333 1507 1513 1574 canonibus
1537 1511 1709 1592 annotetis,
1740 1519 1776 1574 ut
1805 1533 2020 1600 unaquaeque
2041 1537 2065 1575 ιο

368 1619 509 1685 ecclesia
532 1621 681 1706 quamvis
705 1619 922 1706 pauperrima,
947 1639 1032 1704 quae
1055 1616 1108 1680 vel
1132 1615 1247 1681 decem
1270 1616 1435 1702 mancipia
1457 1613 1578 1680 habere
1602 1626 1717 1702 potest,
1741 1618 1793 1682 sui
1808 1617 1929 1684 debeat
1944 1643 2022 1686 cura

367 1725 544 1813 gubernari
580 1725 730 1808 cultoria;
770 1735 915 1789 ceterum
953 1725 980 1788 si
1015 1725 1121 1788 minus
1156 1721 1320 1803 habuerit,
1356 1721 1398 1786 ad
1433 1721 1565 1786 alterius
1600 1723 1759 1788 ecclesiae
1793 1724 2022 1812 presbyterum

368 1831 554 1920 pertinebit.
601 1832 685 1896 Nam
710 1832 787 1896 dum
811 1853 854 1895 ex
881 1828 1031 1895 omnibus
1061 1829 1219 1917 plurimae
1250 1827 1416 1910 basilicae,
1447 1839 1482 1893 ut
1511 1830 1748 1915 praemisimus,
1778 1833 1874 1896 unius
1905 1833 2020 1899 sollici-

367 1939 472 2004 tudini
502 1938 704 2024 rcdiguntur‚
735 1937 839 2002 solum
863 1949 921 2020 est,
951 1938 1028 2023 quia
1059 1947 1090 2001 et
1119 1935 1274 2000 viduatae
1303 1937 1490 2022 persistunt,
1522 1945 1555 2000 et
1585 1935 1718 2000 difficile
1749 1940 1850 2002 sacris
1881 1939 2020 2006 cultibus

368 2044 447 2110 ordo
472 2044 602 2110 debitus
626 2043 808 2109 exhibetur.
849 2044 945 2125 Quod
968 2067 1033 2108 non
1056 2053 1182 2108 tantum
1206 2041 1430 2106 sacerdotibus
1449 2042 1515 2106 Dei
1538 2043 1573 2106 in
1596 2042 1693 2129 culpa
1716 2054 1775 2127 est,
1792 2068 1906 2110 verum
1923 2049 2020 2112 etiam
2039 2075 2064 2115 ιι

367 2161 400 2216 et
422 2150 608 2215 infidelibus
631 2150 763 2215 Iudaeis
787 2149 960 2216 ridiculum
984 2150 1088 2232 affert,
1113 2149 1170 2235 qui
1193 2148 1315 2231 dicunt,
1343 2148 1423 2213 nihil
1446 2150 1646 2236 praestitisse
1676 2151 1866 2216 interdictas
1895 2153 2020 2219 sibiae

367 2257 549 2322 destructas
573 2259 673 2322 fuisse
697 2279 893 2344 synagogas,
918 2278 990 2321 cum
1015 2264 1152 2320 cernant
1179 2257 1306 2342 peiores
1330 2254 1579 2320 christianorum
1603 2255 1736 2322 effectas
1760 2281 1832 2323 esse
1856 2258 2019 2326 basilicas.

366 2364 431 2428 Pro
456 2387 593 2450 quamun
618 2365 715 2428 ctiam
740 2365 946 2450 reparatione
970 2387 991 2427 a
1013 2373 1123 2427 vestra
1145 2363 1358 2426 universitate
1382 2362 1581 2427 censendum
1599 2373 1658 2445 est,
1674 2374 1710 2427 ut
1726 2385 1781 2429 eas
1796 2369 2020 2454 unusquisque

368 2471 540 2556 episcopus
565 2469 605 2534 dc
629 2472 733 2534 tertiis
756 2469 992 2556 parochialium
1021 2467 1231 2534 basilicarum
1262 2469 1419 2533 canonice
1449 2469 1680 2534 restaurandas
1710 2472 1875 2556 invigilet,
1907 2477 1963 2560 qui
1994 2477 2020 2538 si

367 2578 479 2641 tertias
504 2578 592 2663 ipsas
616 2578 772 2664 consequi
795 2575 943 2658 noluerit,
968 2599 1047 2641 cura
1070 2577 1120 2639 sui
1143 2574 1324 2662 gerendum
1347 2585 1405 2656 est,
1422 2585 1457 2639 ut
1473 2573 1645 2662 presbyter
1661 2577 1845 2644 destructae
1862 2581 2020 2646 ecelesiae
2038 2609 2065 2648 so

368 2683 487 2746 exinde
513 2685 718 2747 commissam
742 2681 805 2747 sibi
828 2682 998 2747 basilicam
1022 2693 1161 2770 reparet,
1190 2681 1375 2746 evidentem
1406 2705 1562 2746 censurae
1593 2683 1724 2750 modum
1755 2697 1957 2773 apponentes
1987 2689 2021 2752 in

368 2811 503 2872 canone,
529 2790 668 2876 qualiter
692 2787 791 2854 debet
814 2789 995 2853 incuriosus
1020 2789 1157 2874 quisque
1182 2789 1354 2874 episeopus
1386 2788 1606 2872 condemnari,
1638 2791 1665 2855 si
1695 2795 1933 2880 praescriptum
1962 2817 2020 2881 pro

366 2895 564 2960 renovandis
594 2895 659 2959 Dei
690 2895 819 2981 templis
850 2894 997 2960 ordinem
1032 2893 1213 2980 neglexerit
1247 2894 1435 2980 adimplere.
1492 2895 1577 2962 Nam
1612 2908 1644 2961 et
1679 2897 1740 2963 hoc
1775 2899 2022 2966 honorificentia

367 3011 477 3066 vestra
500 3001 700 3088 promulgari
724 2999 861 3084 curabit,
885 3011 920 3065 ut
942 3023 1038 3066 nemo
1063 3001 1288 3087 episcoporum
1314 3024 1372 3086 pro
1403 3003 1501 3088 regiis
1532 3003 1795 3089 inquisitionibus
1827 3005 2020 3072 exhibendis

366 3107 603 3194 parochialium
627 3107 841 3172 ecclesiarum
863 3109 936 3171 iura
959 3109 1126 3194 contingat
1149 3130 1210 3171 nee
1234 3129 1455 3194 quascumque
1480 3108 1599 3174 exinde
1629 3111 1857 3197 inquisitiones
1888 3115 2020 3201 exigere
2038 3141 2065 3180 ss

367 3213 498 3296 audeat,
523 3214 581 3278 sed
605 3213 646 3278 dc
669 3214 812 3301 praediis
837 3237 968 3278 suarum
999 3213 1124 3278 sedium
1155 3215 1245 3299 regio
1277 3213 1408 3278 culmini
1439 3215 1534 3279 solita
1564 3218 1833 3303 perquisitionum
1863 3218 2021 3307 obsequia

368 3305 496 3384 deferat
524 3320 669 3407 nihilque
698 3319 737 3384 de
768 3318 865 3384 rebus
889 3319 1065 3384 earundem
1096 3318 1330 3406 parochialium
1358 3321 1570 3386 eeclesiarum
1601 3346 1701 3388 causa
1731 3325 1884 3412 stipendii
1915 3328 2020 3392 cuius-

366 3429 455 3514 piam
491 3427 570 3492 dare
604 3437 808 3512 praesumat,
841 3426 929 3512 quod
959 3428 986 3490 si
1017 3427 1147 3509 fecerit,
1181 3426 1317 3491 duorum
1347 3429 1508 3492 mensium
1538 3431 1642 3515 spatio
1674 3435 1951 3498 excommunicari
1985 3458 2019 3498 se

368 3535 506 3598 noverit.
552 3533 684 3598 Interea
706 3532 740 3596 id
764 3534 942 3619 praecipue
967 3556 987 3597 a
1009 3531 1102 3597 vobis
1126 3533 1368 3618 procurandum
1392 3545 1450 3616 est,
1475 3545 1510 3599 ut
1533 3534 1730 3624 ubicumque
1760 3537 1944 3604 idolatriam
1968 3540 2019 3605 vel

367 3639 515 3704 diversos
540 3638 720 3703 diabolicae
745 3639 983 3725 superstitionis
1008 3661 1134 3703 errores
1158 3641 1344 3725 repereritis
1369 3652 1425 3705 aut
1448 3640 1595 3728 qualibet
1617 3643 1773 3708 relatione
1791 3649 2019 3732 cognoveritis,
2038 3675 2065 3714 ιο

368 3745 411 3810 ad
435 3745 667 3810 destruendum
691 3744 756 3810 tale
780 3745 907 3808 facinus
930 3755 965 3809 ut
987 3746 1058 3809 veri
1083 3744 1203 3810 Christi
1228 3745 1367 3810 cultores
1397 3770 1470 3811 eum
1501 3747 1664 3812 iudicibus
1695 3753 1887 3836 quantocius
1918 3755 2020 3818 insur-

368 3853 462 3938 gatis,
488 3862 520 3915 et
543 3874 714 3938 quaequae
739 3850 782 3915 ad
805 3850 919 3915 eadem
943 3851 1032 3916 idola
1055 3875 1075 3916 a
1098 3853 1227 3916 rusticis
1243 3852 1296 3917 vel
1320 3852 1501 3940 quibusque
1517 3858 1665 3940 personis
1683 3855 1804 3921 deferri
1819 3859 2019 3943 inveneritis,

367 3968 436 4022 tota
459 3959 576 4022 vicinis
600 3957 799 4022 conferenda
825 3956 906 4022 inibi
938 3958 1085 4022 ecclesiis
1116 3958 1300 4023 conferatis.
1353 3959 1417 4023 Pro
1449 3982 1512 4046 quo
1543 3962 1640 4025 etiam
1672 3963 1867 4050 extirpando
1897 3967 2021 4032 scelere

368 4063 511 4128 edietum
542 4064 606 4129 tale
637 4065 671 4128 in
701 4063 822 4150 regulis
853 4065 1042 4150 apponatis,
1073 4075 1108 4130 ut
1138 4066 1334 4151 quicumque
1365 4067 1499 4131 antistes
1529 4067 1713 4133 huiusmodi
1742 4071 1835 4134 nefas
1866 4074 1920 4158 agi
1949 4097 2019 4159 per·

367 4171 492 4235 miserit
522 4171 576 4234 vel
608 4181 777 4257 peractum
813 4171 847 4233 in
882 4193 941 4234 sua
971 4170 1093 4234 diocesi
1125 4173 1272 4257 protinus
1307 4171 1438 4238 abolere
1470 4173 1644 4258 distulerit,
1675 4199 1695 4239 a
1729 4176 1793 4241 loci
1828 4181 1878 4243 sui
1914 4179 2019 4245 officio
2038 4207 2065 4247 ιι

367 4276 479 4363 pulsus
510 4279 605 4341 unius
636 4278 714 4341 anni
749 4299 890 4341 excursu
925 4274 985 4341 sub
1019 4278 1237 4363 paenitentiae
1268 4289 1400 4344 maneat
1429 4279 1584 4367 religatus
1618 4280 1778 4366 lamento,
1814 4285 1877 4349 alio
1912 4297 2019 4351 tamen

368 4383 541 4470 principali
566 4383 724 4447 electione
748 4382 871 4447 ibidem
897 4385 1080 4465 constituto,
1105 4385 1161 4469 qui
1184 4386 1287 4470 possit
1309 4384 1404 4449 huius
1427 4387 1637 4451 institutionis
1661 4389 1808 4454 ordinem
1832 4414 1964 4458 servare
1989 4407 2021 4458 et

367 4489 488 4576 populo
513 4489 688 4554 christiano
713 4488 819 4554 bonae
850 4491 1106 4554 conversationis
1137 4492 1298 4560 tramitem
1328 4493 1483 4578 pandere,
1514 4494 1719 4580 postmodum
1751 4497 1793 4561 ad
1823 4521 1902 4563 suae
1933 4499 2019 4564 sedis

369 4595 516 4660 ordinem
551 4617 750 4660 reversurus.
805 4595 872 4660 Sed
903 4607 951 4678 et,
983 4596 1070 4682 quod
1100 4596 1149 4661 his
1183 4599 1289 4683 potius
1320 4609 1385 4680 est,
1421 4599 1491 4664 zelo
1522 4600 1587 4664 Dei
1622 4602 1766 4667 zelantes
1796 4603 2019 4691 abrogandam

367 4700 564 4765 Iudaeorum
595 4703 763 4787 utriusque
794 4724 892 4766 sexus
922 4702 1092 4789 perfidiam
1123 4703 1279 4768 radicitus
1308 4703 1438 4786 demite,
1469 4718 1505 4771 ut
1534 4718 1566 4770 et
1595 4706 1703 4794 legum
1735 4720 1919 4776 nostrarum
1950 4737 2020 4778 sen·
2038 4741 2066 4780 so

368 4808 496 4888 tentius,
522 4829 605 4893 quae
631 4805 672 4870 ob
700 4806 870 4892 perfidiam
901 4831 1012 4872 eorum
1043 4820 1075 4873 et
1104 4812 1138 4874 in
1168 4812 1352 4896 praeteritis
1382 4812 1489 4877 editae
1520 4824 1553 4879 et
1582 4815 1738 4880 hodierno
1770 4828 1846 4882 sunt
1875 4831 2020 4907 tempore

369 4911 535 4994 conditae,
568 4913 655 4976 omni
685 4913 818 4977 valeant
853 4913 968 4978 robore
1003 4913 1181 4999 subnixae,
1213 4927 1245 4981 et
1277 4939 1433 4983 excessus
1467 4922 1633 5007 nequitiae
1668 4923 1812 5008 ipsorum
1843 4926 2021 4991 earundem

367 5018 476 5103 legum
493 5018 681 5105 dispereant
703 5021 887 5103 sanctione3
913 5023 960 5084 sic
977 5043 1117 5107 quoque,
1141 5033 1177 5086 ut
1199 5024 1292 5088 iuxta
1314 5023 1462 5089 novellae
1486 5024 1568 5112 legis
1592 5037 1720 5092 nostrae
1745 5030 1910 5096 edictum⁸
1925 5055 2021 5098 nemo

368 5147 410 5188 ex
433 5124 549 5188 iisdem
573 5124 704 5189 Iudaeis
728 5127 762 5190 in
785 5126 924 5212 perfidia
951 5126 1144 5192 durantibus
1175 5128 1217 5193 ad
1248 5130 1412 5216 cataplum
1441 5155 1499 5218 pro
1531 5131 1730 5219 quibuslibet
1759 5138 1898 5222 negotiis
1929 5162 2020 5226 pera-

368 5231 482 5317 gendis
514 5231 650 5295 accedat
679 5254 786 5318 neque
818 5233 1046 5319 quodcumque
1077 5258 1150 5299 cum
1181 5235 1365 5301 christianis
1397 5241 1626 5304 commercium
1661 5263 1759 5326 agere
1791 5244 1925 5326 audeat,
1957 5268 2021 5332 quo
2038 5273 2067 5312 ιι

367 5338 481 5402 merito
507 5361 580 5402 cunr
604 5337 764 5424 propheta
788 5337 919 5402 dicatis:
946 5339 1094 5404 ιΝοιιιιι4
1118 5343 1229 5427 quite
1254 5343 1399 5428 oderant,
1423 5345 1576 5428 Domine,
1601 5347 1734 5412 oderam
1756 5349 1839 5432 illos,
1867 5362 1901 5415 et
1924 5375 2022 5439 super

367 5444 516 5508 inimicos
540 5454 612 5508 tuos
636 5443 845 5508 tabescebam
855 5445 882 5507 ‘l’
929 5445 983 5509 Ex
1007 5445 1125 5532 quibus
1156 5449 1255 5534 igitur
1278 5450 1439 5516 Hebraeis
1463 5453 1517 5517 vel
1546 5454 1703 5520 uxoribus
1734 5478 1773 5520 ac
1803 5456 1878 5522 filiis
1910 5480 2021 5522 eorum

477 5709 506 5779 1)
531 5710 601 5766 Hos.
623 5710 652 5779 4,
674 5709 702 5766 3.
797 5709 827 5781 2)
854 5711 1004 5782 hlauts,
1025 5713 1073 5770 13.
1168 5713 1197 5782 3)
1223 5716 1258 5771 L.
1282 5715 1479 5787 wanlia,
1502 5718 1551 5775 18.
1644 5719 1675 5789 4)
1699 5719 1806 5779 Psalm.
1829 5723 1901 5792 139,
1923 5723 1976 5781 21.
