4388 6226
563 364 858 421 SUPPLEIIEN'I'A.
883 393 927 404 —
951 363 1064 420 COXC.
1090 363 1231 418 varlar.
1257 362 1335 416 vm.
1360 362 1426 416 XII.
1756 352 1820 415 475

169 552 346 638 cognoscit,
370 554 414 616 ita
439 574 567 638 quoque
592 551 770 616 inlidclium
795 552 926 637 assequi
950 549 1071 614 tribuat
1093 549 1228 630 lucrum,
1260 550 1294 613 in
1325 547 1442 636 quibus
1474 558 1506 612 et
1535 547 1710 612 voluntatis
1742 569 1819 610 suae

170 658 239 722 fieri
263 657 384 724 bonum
409 669 440 723 et
464 659 534 722 eius
558 657 730 722 advenisse
756 657 980 743 congaudeam
1003 654 1192 721 venerabile
1216 679 1363 743 regnum.

276 765 397 829 Datum
424 763 483 828 sub
508 765 560 829 die
585 765 695 828 XVII.
720 763 934 829 kalendarum
959 764 1145 828 Ianuarium
1170 786 1254 827 anno
1279 762 1417 827 feliciter
1441 764 1552 848 quinto
1577 760 1699 847 gloriae
1728 762 1821 846 regni

170 873 270 936 nostri
282 877 302 936 ¹.
341 872 380 936 Iu
403 873 533 937 nornine
558 871 702 936 Domini.
741 871 874 935 Flavius
895 869 1151 936 Reccesviutlrus
1174 893 1234 934 rex
1258 870 1341 934 bane
1364 869 1440 933 fidei
1465 881 1496 933 et
1519 865 1625 934 bonde
1648 867 1823 932 voluntatis

138 999 263 1044 cineae
288 977 555 1043 deliberationem
578 1001 676 1042 manu
699 1001 772 1042 mea
797 977 984 1064 subscripsi.

626 1261 912 1338 CONCILIUM
939 1261 1258 1337 TOLETANUM
1285 1262 1371 1335 XII.

848 1383 894 1482 (a.
925 1385 1007 1472 681,
1039 1381 1148 1480 Ian).

487 1553 641 1619 Terras
664 1556 859 1620 EBI'IGII
878 1556 1021 1620 REGIS
1048 1555 1269 1620 corruam
1297 1555 1520 1620 (IBLATUS.

175 1683 218 1746 In
243 1683 404 1746 nomine
425 1681 601 1744 Domini.
642 1679 816 1744 Flavius
840 1681 1043 1766 Ervigius
1067 1704 1137 1744 rex
1164 1681 1446 1744 sanctissimis
1471 1680 1663 1766 patribus
1688 1683 1726 1744 in
1751 1681 1825 1745 bac

131 1815 156 1854 ro
676 1799 821 1851 sancta
846 1787 1002 1873 synodo
1027 1786 1328 1852 residentibus.

282 1913 350 1994 En,
385 1912 639 1976 reverentissimi
675 1925 784 1997 patres
820 1924 852 1976 et
886 1911 1092 1976 honorabiles
1128 1913 1377 1976 ministeriorum
1413 1911 1598 1976 caelestium
1630 1913 1827 1994 sacerdotes,

176 2020 369 2084 soliditatem
406 2031 539 2082 sanetae
574 2018 651 2082 fidei
687 2021 848 2084 veraciter
883 2030 996 2083 tenens
1032 2032 1063 2083 et
1099 2021 1226 2084 sincera
1261 2019 1368 2083 cordis
1404 2019 1577 2084 devotione
1617 2021 1826 2107 amplectens

176 2128 394 2192 testimonium
419 2128 621 2212 paternitatis
646 2139 773 2190 vestrae
793 2126 1003 2190 fortissimum
1028 2128 1061 2190 in
1085 2126 1197 2191 salutis
1220 2139 1349 2191 nostrae
1374 2127 1499 2192 advoco
1525 2127 1757 2206 adiumentum,
1783 2138 1826 2208 ut,

178 2237 252 2322 quia
277 2257 412 2319 regnum
437 2233 562 2296 fautore
587 2233 659 2298 Deo
685 2233 726 2296 ad
751 2233 963 2297 salvationem
989 2243 1093 2297 terrae
1119 2245 1151 2297 et
1181 2232 1438 2298 sublevationem
1469 2233 1613 2321 plebium
1644 2237 1827 2321 suscepisse

134 2366 159 2405 rs
177 2365 235 2406 uos
267 2341 446 2420 credimus,
478 2340 704 2404 sanctitudinis
735 2353 863 2404 vestrae
899 2340 1042 2404 consiliis
1077 2340 1277 2404 adiuvemur.
1332 2341 1444 2422 Unde,
1484 2342 1559 2406 licet
1594 2341 1828 2406 sublimationis

178 2462 307 2513 nostrae
342 2447 520 2534 primordia
550 2449 738 2533 paternitati
773 2458 901 2511 vestrae
937 2445 1092 2534 opinabili
1123 2447 1278 2512 relatione
1314 2471 1378 2512 non
1412 2449 1550 2532 lateant,
1588 2448 1704 2534 quibus
1741 2448 1830 2513 clara

179 2557 362 2620 divinorum
398 2555 591 2619 iudiciorum
630 2553 840 2640 dispositione
879 2565 1076 2640 praeventus
1112 2566 1144 2618 et
1178 2555 1336 2640 regnandi
1371 2555 1615 2620 conscenderim
1652 2555 1761 2620 sedem
1798 2567 1830 2619 et

179 2673 420 2728 sacrosanctam
445 2663 537 2748 regui
561 2663 763 2748 perceperim
787 2663 983 2742 unctionem,
1008 2684 1093 2725 nune
1117 2673 1225 2725 tamen
1243 2660 1357 2726 melius
1373 2661 1407 2726 id
1423 2664 1570 2749 poteritis
1588 2674 1620 2727 ct
1637 2665 1830 2749 scriptorum

179 2771 334 2834 relatione
362 2791 560 2855 cognoscere
592 2779 623 2832 ct
653 2768 919 2854 promulgationis
950 2780 1078 2832 vestrae
1109 2770 1277 2833 sententiis
1307 2767 1489 2854 publicare,
1521 2781 1569 2850 ut,
1601 2771 1684 2834 sicut
1715 2769 1830 2834 cadem

135 2901 161 2939 so
179 2879 273 2963 regni
296 2877 396 2940 nostri
427 2874 604 2962 primordia
636 2885 815 2939 conventus
845 2887 973 2939 vestrae
1005 2875 1230 2939 sanctitudinis
1261 2877 1456 2962 compererit
1486 2876 1640 2940 divinitus
1671 2877 1829 2955 ordinata,

180 2987 225 3049 ita
250 2993 280 3047 et
304 2983 353 3046 his
379 2985 558 3047 orationum
584 2982 728 3046 solamen
752 2981 919 3068 impendat
943 2993 975 3046 et
999 2981 1175 3046 salubrium
1200 2979 1406 3047 consiliorum
1431 2985 1627 3048 nutrimenta
1657 2985 1830 3070 impertiat,

181 3115 245 3178 quo
269 3101 454 3175 susceptum
478 3111 625 3174 regnum,
657 3090 740 3152 sicut
763 3090 827 3153 iam
858 3090 974 3152 vestris
1006 3088 1248 3154 assensionibus
1278 3102 1373 3154 teneo
1404 3105 1542 3175 gratum,
1574 3092 1620 3154 ita
1650 3105 1832 3156 vestrarum

181 3197 445 3262 benedictionum
470 3197 655 3282 pert'ruutur
678 3194 919 3260 definitionibus
944 3196 1210 3274 consecrandum,
1235 3208 1271 3260 ut
1294 3198 1459 3262 innovatio
1477 3197 1714 3284 quodammodo
1732 3200 1832 3262 nostri

182 3305 332 3369 videatur
355 3304 482 3390 imperii
506 3303 587 3367 haee
619 3303 832 3368 numerositas
863 3305 964 3366 vestri
995 3303 1117 3368 ordinis
1149 3307 1327 3390 aggregati.
1381 3306 1424 3369 Et
1454 3305 1537 3386 ideo,
1570 3308 1647 3393 quia
1670 3306 1831 3370 Dominus

138 3431 164 3472 aa
182 3415 214 3476 in
239 3410 409 3496 evangelio
433 3411 593 3497 praecipit
617 3408 745 3474 dicens:
771 3409 910 3473 ‘Amen‘l
934 3410 1007 3474 dieo
1030 3409 1141 3476 vobis:
1167 3413 1192 3474 si
1218 3411 1280 3476 duo
1306 3435 1347 3475 ex
1371 3410 1464 3476 vobis
1488 3415 1712 3477 consenserint
1735 3436 1834 3500 super

183 3533 312 3600 terram,
333 3517 373 3582 de
398 3519 485 3580 onrrri
509 3540 554 3598 re,
575 3539 812 3603 quamcumque
833 3517 994 3602 petierint,
1018 3518 1074 3582 fiet
1098 3518 1160 3582 illis
1184 3542 1203 3581 a
1223 3529 1314 3604 patre
1334 3541 1416 3584 meo.
1443 3521 1497 3605 qui
1522 3521 1553 3582 in
1575 3520 1672 3584 caelis
1690 3520 1765 3602 est'3
1792 3518 1832 3583 ob

183 3626 244 3690 hoc
268 3622 488 3689 venerabilem
518 3625 720 3710 paternitatis
751 3633 880 3688 vestrae
912 3635 1039 3688 coetum
1071 3647 1142 3689 cum
1174 3625 1381 3689 lacrimarum
1412 3627 1568 3690 ell'usioue
1600 3628 1768 3708 convenio,
1799 3638 1835 3690 ut

185 3733 253 3797 zelo
277 3733 378 3796 vestri
405 3731 571 3815 regiminis
594 3743 751 3816 purgetur
775 3742 861 3794 terra
878 3755 897 3795 a
913 3732 1063 3816 contagio
1080 3733 1259 3816 pravitatis.
1300 3733 1487 3817 Exsurgite,
1506 3755 1637 3817 quaeso,
1656 3735 1832 3818 exsurgite,

185 3841 387 3927 culpatorum
411 3838 525 3902 solvite
549 3837 662 3920 nodos,
686 3849 961 3924 transgressorum
985 3861 1091 3902 mores
1116 3840 1267 3924 corrigite
1293 3839 1488 3920 inhonestos,
1514 3841 1637 3903 exerite
1661 3839 1722 3902 zeli
1739 3839 1834 3903 disci-

141 3973 167 4013 ω
185 3947 307 4036 plinam
331 3948 364 4010 in
389 3945 540 4033 perfidos,
566 3944 779 4032 superborum
804 3945 1032 4009 mordacitates
1057 3946 1246 4030 extinguite,
1273 3969 1499 4031 oppressorum
1532 3946 1730 4032 ponderibus
1761 3945 1834 4009 sub-

185 4055 294 4118 venite
325 4063 373 4134 et,
405 4052 492 4140 quod
521 4052 593 4138 plus
624 4052 673 4116 his
705 4051 854 4116 omnibus
886 4063 950 4132 cst,
981 4052 1176 4116 Iudaeorum
1207 4066 1348 4138 pestem.
1381 4076 1464 4139 quac
1495 4055 1528 4116 in
1558 4076 1676 4118 novam
1708 4075 1837 4139 semper

186 4160 385 4226 recrudescit
409 4161 579 4238 insaniam,
610 4158 765 4223 radicitus
790 4160 966 4246 extirpate3
998 4158 1086 4245 leges
1111 4182 1249 4246 quoqne,
1275 4182 1358 4245 quae
1384 4162 1414 4223 in
1440 4160 1616 4224 eorundem
1640 4160 1834 4224 Indaeorum

186 4267 358 4356 perfidiam
393 4290 413 4330 a
447 4276 556 4330 nostra
590 4266 694 4352 gloria
728 4267 856 4329 noviter
885 4266 1106 4352 promulgatae
1137 4273 1242 4346 suntss,
1278 4269 1365 4330 omni
1396 4269 1644 4332 examinationis
1676 4266 1836 4354 probitate

188 4376 366 4462 percurrite
391 4385 423 4438 et
453 4385 518 4438 tam
547 4373 669 4437 eisdem
699 4371 827 4458 legibus
857 4384 1001 4437 tenorem
1032 4373 1256 4438 inconvulsum
1287 4372 1415 4440 adicite.
1445 4397 1541 4461 quam
1572 4397 1631 4460 pro
1660 4373 1836 4438 eorundem

144 4505 170 4546 aa
189 4482 385 4570 perfidorum
410 4479 600 4546 excessibus
624 4480 813 4566 complexas
837 4482 870 4544 in
894 4503 993 4544 unum
1018 4481 1194 4544 sententias
1218 4480 1431 4567 promulgate.
1471 4481 1600 4544 Etenim
1625 4480 1719 4545 valde
1744 4480 1836 4544 nobis

190 4588 371 4654 cavendum
396 4598 454 4671 est,
478 4611 519 4652 ne
544 4597 590 4652 tot
621 4589 826 4674 antiquorum
857 4610 1017 4651 canonum
1049 4587 1190 4672 regulae,
1223 4611 1306 4674 qnae
1337 4610 1396 4673 pro
1427 4609 1538 4651 corum
1570 4587 1733 4652 erroribus
1764 4599 1838 4652 sunt

190 4697 286 4760 ctiam
319 4719 393 4759 cum
424 4695 627 4759 arrathemate
659 4694 896 4781 promulgatae,
928 4717 986 4757 nos
1016 4694 1143 4758 illorum
1175 4694 1278 4779 culpis
1309 4693 1467 4758 obnoxios
1497 4694 1648 4777 reddant,
1681 4697 1706 4758 si
1738 4697 1838 4760 nostri

191 4804 282 4888 regni
315 4801 514 4889 temporibus
546 4802 722 4866 eorundem
754 4824 911 4866 canonum
943 4802 1129 4865 constrictio
1160 4800 1316 4866 dissoluta
1346 4812 1558 4887 pertranseat,
1589 4803 1779 4888 pracsertim
1811 4803 1838 4865 si

191 4909 273 4995 legis
297 4909 392 4990 itlius,
417 4909 504 4996 quod
529 4907 622 4990 absit,
648 4909 830 4973 serenitatis
854 4919 983 4972 nostrae
1008 4909 1040 4970 in
1064 4919 1208 4994 tempore
1232 4907 1287 4972 illa
1311 4907 1417 4972 clarae
1442 4907 1517 4972 fidei
1542 4909 1699 4974 institutio
1724 4921 1838 4988 cesset,

145 5038 173 5077 ro
191 5016 247 5081 ubi
272 5016 367 5080 divae
391 5017 565 5081 memoriae
590 5015 739 5079 dominus
763 5025 859 5101 atque
883 5037 1074 5101 praecessor
1097 5025 1206 5078 noster
1223 5014 1391 5079 Sisebutus
1417 5039 1474 5079 rex
1499 5038 1610 5079 omncs
1635 5038 1840 5080 successores

193 5147 267 5187 suos
303 5123 363 5187 sub
399 5134 555 5210 perpetua
590 5121 827 5186 maledictionis
863 5144 1000 5186 censura
1035 5120 1225 5200 obstrinxit,
1265 5123 1460 5207 quicumque
1496 5145 1608 5207 regum
1644 5123 1840 5209 ruancipium

194 5230 404 5296 christianum
430 5229 551 5294 ludaeo
575 5230 698 5294 servire
722 5229 774 5292 vel
798 5228 947 5292 famulari
978 5229 1190 5315 permiserit⁴.
1238 5229 1316 5291 Post
1343 5228 1423 5292 baec
1455 5227 1533 5292 illud
1565 5251 1693 5316 quoqne
1725 5230 1841 5293 vestris

301 5433 318 5484 l.
338 5435 380 5482 39.
409 5427 541 5498 tempore]
562 5432 597 5482 ita
618 5430 718 5488 ,Ilurrsi,·
737 5439 859 5494 tempora
877 5429 914 5479 ed.

307 5615 335 5682 l)
372 5615 411 5671 D.
446 5613 494 5670 16.
529 5613 596 5670 Iler.
628 5633 656 5670 a.
687 5633 719 5687 p.
753 5611 821 5668 t'tr.
854 5611 927 5666 653.
1043 5609 1073 5678 2)
1112 5610 1213 5666 Mattl.
1249 5611 1297 5680 18,
1326 5611 1374 5666 19.
1491 5611 1520 5680 3)
1559 5613 1592 5670 L.
1625 5613 1679 5670 Vis.
1715 5612 1784 5682 XII,
1814 5614 1843 5668 3.

151 5741 178 5780 te
199 5721 229 5788 4)
262 5721 359 5796 Supra
385 5743 417 5797 p.
443 5719 516 5786 422,
549 5722 566 5776 l.
595 5719 632 5775 19
650 5739 710 5793 sqq.
740 5726 766 5772 ct
792 5716 826 5772 ib.
859 5737 886 5772 u.
915 5717 941 5772 1.

1581 5841 1632 5890 60*
