4448 6226
690 319 771 374 LEX
794 317 1098 376 VISIGOTHORUM
1121 318 1175 387 IX,
1194 317 1224 386 2,
1243 319 1272 374 9.
1747 316 1810 378 377

151 515 245 568 Reae.
258 514 355 569 aaut.
420 513 507 584 itt-rt]
538 513 648 569 tamen
678 505 831 570 virtutem
861 506 910 570 rei
940 529 997 571 sue
1028 506 1115 596 ipse,
1152 506 1209 592 qui
1239 505 1422 591 egritudine
1452 516 1668 594 pregravatus
1703 508 1810 592 luerit,
1829 519 1966 595 mae.

418 610 598 676 secundum
628 610 711 697 legis
742 611 837 676 huius
871 613 1105 678 institutionem
1140 611 1174 676 in
1211 611 1351 698 publicis
1388 611 1582 678 utilitatibus
1617 637 1692 679 eum
1726 613 1809 680 duce

416 717 471 783 vel
501 719 618 783 comite
654 739 713 783 suo
749 717 890 804 dirigere
920 741 986 784 non
1016 729 1169 784 moretur.
1227 718 1322 783 Nunc
1352 741 1448 802 vero,
1485 720 1563 807 quia
1592 720 1632 785 de
1663 721 1809 807 generali

417 826 561 890 omnium
591 825 820 911 progressione
851 825 1072 912 prediximus,
1110 834 1228 907 restat,
1265 834 1300 889 ut
1330 824 1371 889 de
1406 847 1652 912 progressorum
1687 828 1806 893 virtute

414 931 469 996 vel
492 932 595 1018 copiis
619 932 767 996 instituta
796 954 965 1018 ponamus.
1019 932 1063 997 Et
1092 931 1167 996 ideo
1196 930 1231 996 id
1261 930 1393 996 decreto
1424 932 1559 1019 speciali
1589 931 1806 1018 decernimus,

414 1047 460 1120 ut,
485 1038 633 1125 quisquis
656 1036 710 1102 ille
734 1047 794 1120 est,
826 1038 895 1102 sive
920 1040 962 1102 sit
992 1037 1060 1103 dux
1090 1039 1159 1102 sive
1190 1060 1299 1103 comes
1329 1047 1427 1125 atque
1457 1037 1647 1126 gardingus,
1678 1062 1736 1105 sen
1766 1043 1807 1106 sit

416 1143 521 1209 Gotus
545 1145 615 1208 sive
638 1144 814 1227 Romanus,
846 1166 974 1210 necnon
1004 1145 1165 1230 ingenuus
1196 1146 1334 1231 quisque
1364 1143 1419 1210 vel
1449 1146 1547 1210 etiam
1577 1147 1805 1229 manumissus,

413 1251 483 1316 sire
508 1252 606 1316 etiam
629 1249 783 1338 quislibet
807 1274 850 1316 ex
873 1252 977 1316 servis
1000 1249 1177 1333 fiscalibus,
1202 1251 1350 1338 quisquis
1373 1251 1488 1316 horum
1512 1253 1610 1317 estin
1626 1255 1805 1319 exercitum

412 1379 654 1444 progressurus,
679 1357 880 1423 decimam**
903 1370 1031 1445 partem
1055 1379 1224 1422 servorum
1248 1380 1380 1423 auorum
1403 1379 1516 1422 seeum
1538 1360 1573 1424 in
1595 1358 1803 1446 expeditione

412 1462 532 1529 bellica
571 1463 727 1530 ducturus
765 1464 919 1548 accedat3
957 1466 1003 1529 ita
1036 1474 1073 1529 ut
1106 1463 1168 1529 hee
1202 1465 1335 1550 pars***
1371 1464 1498 1532 decima
1533 1487 1701 1531 servorum
1738 1489 1804 1532 non

412 1571 545 1635 inermis
569 1571 698 1654 existat,
723 1570 782 1636 sed
804 1573 896 1637 vario
920 1594 1084 1636 armorum
1107 1593 1228 1657 genere
1251 1572 1410 1636 instructa
1433 1581 1607 1659 appareat3
1632 1573 1701 1638 sic*
1725 1595 1803 1660 quo·

412 1700 486 1764 que,
510 1687 546 1742 ut
569 1679 791 1765 unusquisque
816 1677 856 1743 de
883 1678 944 1762 his,
977 1699 1057 1766 qnos
1088 1700 1197 1743 secum
1229 1679 1263 1742 in
1294 1680 1475 1744 exercitum
1506 1677 1646 1762 duxerit,
1676 1689 1802 1766 partem

411 1783 556 1872 aliquam
594 1783 707 1849 zabis¹
745 1784 799 1849 vel
836 1784 945 1850 loricis
984 1786 1159 1866 munitam,
1198 1784 1372 1872 plerosque
1410 1808 1489 1850 vero
1529 1787 1646 1869 scutis,
1689 1787 1801 1872 spatis,

411 1891 578 1972 seramis²,
609 1890 732 1956 lanceis
767 1892 959 1978 sagittisque
994 1893 1184 1974 instructos,
1217 1891 1377 1978 quosdam
1412 1893 1510 1957 etiam
1545 1892 1720 1957 fundarum
1754 1894 1802 1958 in·

410 1998 597 2062 stmmentis
620 1997 675 2062 vel
698 1999 815 2062 ceteris
839 1997 948 2080 armis,
973 2020 1036 2085 que
1060 1999 1188 2064 noviter
1210 1999 1347 2063 forsitan
1370 2000 1594 2086 unusquisque
1625 2021 1645 2063 a
1672 2001 1800 2066 seniore

409 2103 463 2169 vel
492 2103 624 2169 domino
655 2126 713 2169 suo
743 2105 891 2170 iniuncta
920 2103 1087 2188 habuerit,
1117 2105 1276 2191 principi,
1307 2105 1385 2171 duci
1414 2105 1468 2172 vel
1499 2106 1608 2171 comiti
1639 2129 1697 2171 suo
1728 2130 1800 2194 pre·

410 2221 539 2276 sentare
563 2209 702 2276 studeat.
750 2211 786 2277 Si
810 2213 883 2299 quis
907 2221 1016 2276 autem
1040 2221 1134 2276 extre
1163 2211 1249 2277 hanc
1280 2213 1442 2278 decimam
1471 2223 1599 2299 partem
1630 2235 1798 2279 servorum

409 2341 541 2383 suorum
572 2318 608 2381 in
638 2317 802 2382 exercitus
837 2319 1064 2405 progressione
1098 2320 1289 2401 accesserit,
1321 2320 1425 2385 omnis
1460 2320 1533 2405 ipsa
1563 2319 1691 2384 decima
1722 2343 1799 2406 pars

409 2447 579 2490 servorum
603 2426 673 2489 eius
704 2423 848 2490 studiose
880 2426 1007 2512 quesita
1037 2425 1144 2513 adque
1176 2424 1343 2512 discripta,
1375 2425 1535 2514 quidquid
1564 2427 1671 2490 minus
1701 2426 1799 2492 fuerit

408 2532 577 2596 inventum
608 2530 649 2596 de
680 2531 741 2596 hac
773 2531 921 2596 instituta
950 2532 1057 2618 adque
1089 2532 1246 2620 discripta
1276 2532 1405 2598 decima
1439 2543 1531 2620 parte
1562 2555 1730 2598 servorum
1764 2535 1799 2597 in

408 2635 558 2704 bellicam
583 2660 847 2726 unumquemque
866 2660 977 2704 secum
995 2638 1236 2725 expeditionem
1254 2638 1397 2723 duxisse,
1414 2639 1449 2703 in
1464 2649 1624 2726 potestate
1641 2640 1798 2727 principis

556 2888 598 2966 ¹¹²⁴)
623 2898 674 2952 Pro
698 2897 836 2952 decimam
863 2903 974 2968 partem
1002 2915 1145 2952 servorum
1168 2916 1281 2954 suorum
1299 2902 1422 2968 moelem
1439 2902 1515 2954 715.
1537 2905 1585 2954 16.·
1611 2899 1797 2954 medietatem

623 3022 767 3059 servorum
789 3022 912 3072 suorum,
943 3006 979 3060 de
1009 3005 1062 3072 his,
1095 3006 1143 3077 qui
1173 3005 1283 3060 inventi
1313 3004 1420 3061 fuerint
1450 3024 1468 3061 e
1497 3006 1631 3061 vicesimo
1662 3023 1736 3061 anno
1767 3012 1797 3061 et

622 3130 717 3184 supra,
742 3111 773 3166 id
798 3107 861 3183 [est]
885 3129 976 3182 usque
1001 3113 1037 3167 ad
1062 3112 1270 3184 quinquaginta
1293 3112 1455 3185 singulatim
1479 3113 1682 3185 unusquisque.

541 3226 599 3306 m)
623 3240 698 3290 715.
714 3241 746 3290 16
760 3240 895 3305 praedem:
921 3236 1060 3291 medietas
1079 3257 1129 3306 pro
1147 3255 1212 3308 pars
1233 3237 1352 3304 decima,
1373 3249 1397 3292 et
1413 3241 1528 3292 emmer
1545 3241 1619 3306 infre
1638 3243 1655 3293 l.
1676 3243 1796 3294 17-20:

620 3343 807 3398 medietatem
830 3371 874 3380 —
898 3343 1038 3398 medietas
1061 3373 1106 3381 —
1129 3345 1286 3400 medietate
1305 3365 1356 3413 pro
1378 3351 1490 3415 partem
1510 3345 1646 3400 decimam
1666 3362 1796 3416 —pars

619 3450 796 3506 decima-
818 3456 901 3521 parte
926 3451 1045 3505 decima.

570 3570 594 3642 t)
618 3574 670 3629 Pro
693 3575 733 3629 sic
757 3592 870 3646 quoque
887 3574 1098 3646 -plerosque
1122 3591 1190 3629 vero
1213 3575 1300 3630 scutis
1322 3579 1443 3645 praebent
1462 3579 1536 3630 715.
1559 3581 1607 3630 16.-
1626 3575 1747 3630 Primam
1765 3582 1795 3631 et

618 3681 779 3737 vicesimam
812 3687 924 3753 partem
958 3682 1153 3753 uuusquisque
1184 3682 1220 3737 de
1251 3681 1311 3749 bis,
1347 3699 1417 3752 quos
1451 3699 1548 3736 seeum
1577 3682 1607 3736 in
1638 3682 1794 3737 exercitum

619 3789 742 3856 duxerit,
773 3788 848 3844 navis
873 3787 967 3859 (armis
988 3810 1036 3858 pro
1058 3807 1084 3842 a.
1106 3785 1186 3856 716)
1211 3788 1258 3843 vel
1281 3788 1373 3844 loricis
1400 3789 1536 3842 munitam
1566 3788 1695 3860 principi,
1728 3789 1793 3843 duci

618 3895 666 3950 vel
701 3895 795 3950 comiti
828 3901 996 3966 presentare
1032 3895 1158 3951 studeat.
1217 3893 1367 3967 Reliquam
1402 3912 1470 3950 rere
1507 3901 1619 3966 partem
1658 3901 1792 3950 armatam

617 4003 762 4071 ostendat,
786 4002 816 4057 id
840 4008 885 4056 est
907 4002 1016 4074 aliquos
1040 4019 1103 4057 eum
1126 4002 1224 4058 scutis.

244 4266 293 4326 lx,
312 4267 337 4325 2,
358 4268 382 4316 9.
426 4265 443 4315 l.
465 4268 488 4315 1.
517 4271 609 4316 tamen
626 4264 693 4314 deest
711 4263 773 4314 Ε1.
830 4265 1009 4330 egritudinem
1029 4263 1097 4326 Ε2ς
1124 4265 1158 4315 ab
1185 4264 1355 4330 aegritudine
1381 4263 1454 4314 Mod.
1508 4263 1592 4314 fuerit
1612 4271 1791 4330 pregravatus

143 4354 206 4407 72.
238 4352 247 4414 Ι)
279 4356 296 4406 1.
315 4357 340 4404 4.
370 4347 500 4418 omniurn]
518 4354 658 4404 hominum
678 4353 740 4404 Ε2.
796 4348 1010 4419 progressorum]
1036 4354 1229 4419 progressione
1254 4353 1278 4402 V
1293 4354 1315 4402 1.
1348 4349 1357 4412 ΙΙ
1389 4352 1406 4403 l.
1426 4354 1450 4403 5.
1478 4353 1603 4403 instituta
1629 4351 1657 4402 Ε
1675 4355 1698 4402 l.
1723 4351 1793 4404 Pia.

93 4445 153 4500 ut
174 4446 197 4494 6.
227 4445 350 4509 quisquis
368 4442 416 4493 ille
436 4449 478 4494 est
495 4442 545 4494 der.
565 4442 623 4492 73.
672 4443 757 4493 comis
778 4441 805 4491 E
817 4444 842 4492 1.
889 4436 1048 4508 gardingus]
1069 4441 1241 4506 grandaevus
1262 4441 1337 4492 Vre.
1392 4457 1440 4492 sou
1460 4465 1492 4474 -
1511 4442 1647 4507 ingenuus
1665 4440 1716 4492 des.
1735 4441 1793 4492 74.

136 4535 154 4584 l.
172 4534 196 4584 7.
225 4528 323 4595 Gotus]
344 4531 381 4584 ita
400 4531 469 4596 Ea,
489 4531 595 4583 Gothus
615 4539 669 4582 cett.
701 4529 710 4591 ]]
742 4533 759 4582 l.
779 4533 804 4582 8.
832 4525 901 4594 sive]
920 4546 970 4581 seu
989 4529 1052 4580 ΕΙ.
1072 4530 1140 4580 Ra.
1196 4524 1334 4595 quislibet]
1353 4530 1390 4581 ita
1409 4529 1443 4581 Ε.
1462 4530 1519 4580 71.
1539 4531 1570 4592 23
1597 4530 1714 4597 quilibet
1738 4539 1793 4582 cett.

137 4622 154 4673 l.
174 4625 199 4674 9.
225 4621 398 4688 expeditione
418 4615 528 4684 bellica]
555 4619 593 4670 ita
612 4618 653 4682 Ε,·
678 4620 881 4685 expeditionem
900 4618 1029 4670 bellicam
1047 4627 1101 4670 cett.
1138 4616 1147 4678 l]
1179 4619 1253 4670 110.
1272 4618 1322 4670 bec
1343 4620 1404 4684 ipsa
1429 4618 1486 4669 Vl.
1541 4618 1711 4670 servulorum
1730 4618 1759 4669 E
1768 4621 1793 4671 2.

143 4712 168 4761 7
184 4715 206 4762 1.
243 4711 252 4771 Ι)
287 4711 304 4763 l.
326 4713 367 4762 ll.
396 4706 516 4773 inermis]
543 4711 571 4759 in
597 4711 679 4760 armis
706 4709 733 4760 E
751 4712 774 4759 1.
830 4703 971 4776 appareat]
996 4707 1033 4758 ita
1059 4707 1091 4758 Ε.
1111 4708 1136 4757 7
1152 4710 1235 4772 1-5;
1262 4713 1420 4774 permaneat
1437 4707 1510 4759 Mod.
1565 4702 1615 4772 sic]
1635 4710 1707 4759 sieut
1729 4709 1754 4758 V
1769 4711 1792 4762 2.

136 4801 154 4851 l.
170 4802 210 4851 le.
229 4795 315 4864 rabis]
336 4800 411 4851 naris
430 4799 493 4850 El.
512 4799 581 4849 Itu.
600 4797 791 4859 Modressae
810 4798 867 4849 73.
923 4798 1053 4848 monitam
1072 4797 1134 4848 ΕΙ.
1190 4813 1255 4849 uero
1274 4797 1341 4848 deest
1359 4796 1422 4848 Ε2.
1441 4797 1499 4848 71.
1513 4799 1537 4848 2.
1592 4793 1689 4864 spatis]
1709 4798 1747 4848 ita
1760 4797 1793 4852 Ε.

92 4903 120 4944 to
144 4889 207 4950 72;
226 4890 330 4956 spathis
349 4896 403 4940 cett.
436 4887 445 4950 l]
476 4889 493 4940 l.
516 4890 556 4938 15.
585 4882 702 4952 noviter]
721 4888 827 4939 nobiter
846 4886 916 4948 1523
935 4885 1066 4938 nobiliter
1085 4887 1142 4937 V1.
1162 4888 1186 4937 2.
1237 4882 1368 4951 forsitam]
1386 4887 1488 4939 sorsum
1507 4885 1576 4949 Ε1;
1595 4887 1690 4938 forsan
1708 4887 1794 4948 ltu„-

137 4979 251 5030 forsitan
275 4986 330 5029 αττ.
363 4974 372 5038 )Ι
404 4979 420 5028 l.
442 4979 483 5028 18.
512 4993 624 5028 suorum
644 4999 676 5010 -
696 4992 835 5028 servorum
860 4976 911 5026 der.
937 4976 962 5024 V
975 4977 1000 5025 4.
1056 4977 1177 5027 exercitu
1204 4974 1236 5025 Ε.
1292 4971 1491 5042 progressione]
1510 4976 1547 5026 ita
1566 4975 1594 5026 Ε
1606 4979 1629 5027 1.
1649 4977 1713 5039 Vl;
1732 4992 1793 5043 pro-

136 5069 305 5134 gressionem
329 5075 384 5118 cett.
416 5065 425 5126 Ι)
458 5067 474 5118 l.
496 5068 537 5118 19.
567 5060 708 5133 discripta]
729 5065 767 5116 ita
789 5065 853 5117 Ε2.
876 5065 940 5128 Va,
967 5065 1104 5130 descripta
1129 5064 1157 5114 Ε
1175 5067 1198 5115 1.
1224 5064 1293 5128 71;
1322 5065 1445 5117 discussa
1470 5066 1495 5115 V
1510 5067 1551 5116 le.
1583 5063 1592 5126 Ι)
1623 5065 1641 5117 l.
1660 5067 1703 5117 20.
1731 5066 1792 5115 inst.

136 5157 225 5222 adque
254 5152 343 5221 diser]
371 5157 462 5222 adque
492 5157 622 5223 discripta
649 5156 700 5206 dea·
727 5154 756 5205 Ε
774 5158 796 5206 1.
825 5151 893 5206 Ru.
921 5154 1010 5216 Mad.,·
1037 5159 1119 5219 atque
1147 5153 1285 5220 descripta
1312 5153 1373 5205 71.
1436 5154 1569 5205 decimam
1597 5161 1703 5220 partem
1728 5155 1753 5203 7
1767 5156 1792 5204 2.

136 5248 154 5298 1.
173 5247 216 5298 21.
244 5245 346 5298 bellica
364 5245 428 5298 ΕΙ.
448 5246 503 5298 72.
559 5238 661 5309 secum]
686 5245 836 5296 secundum
862 5244 890 5295 Ε
908 5247 930 5296 l.
984 5245 1013 5293 in
1031 5239 1097 5309 (poet
1112 5242 1174 5294 add.
1191 5243 1226 5294 al.
1245 5241 1298 5306 m),
1319 5244 1455 5308 expeditio
1475 5241 1544 5305 Ε2;
1570 5243 1599 5293 in
1617 5243 1791 5309 expeditione

92 5347 119 5388 ab
143 5335 207 5399 Vr,
227 5336 256 5386 in
275 5335 478 5402 expeditionem
498 5335 555 5386 72.
600 5328 748 5401 potestate]
767 5334 804 5384 ito
822 5332 855 5384 Ε.
875 5333 938 5396 Vl,
958 5338 1121 5400 potestatem
1139 5339 1193 5383 cett

248 5579 277 5645 l)
314 5578 421 5636 ‘Zaba'
454 5587 494 5636 est
521 5576 628 5636 leucae
658 5575 780 5653 speeies;
810 5596 836 5634 v.
868 5575 1019 5654 Durauge,
1057 5574 1235 5635 Glaesariam
1264 5597 1286 5634 r.
1312 5576 1338 5632 Ιι.
1363 5595 1389 5634 v.
1482 5574 1513 5646 2)
1545 5575 1704 5645 ‘Serama’‚
1735 5593 1792 5632 vox

141 5683 326 5757 Germanica,
350 5685 493 5764 signifieat
512 5683 605 5762 gladii
625 5683 761 5760 speciem·
785 5702 810 5741 n.
834 5683 975 5761 Ειιοαηρε
996 5703 1019 5740 r.
1044 5683 1071 5740 lt.
1095 5702 1121 5740 v.

191 5801 237 5846 ur..
250 5801 311 5845 sset
325 5803 344 5845 1.
371 5801 389 5846 1.
1543 5804 1576 5855 te
