4478 6246
422 333 463 396 66

283 537 321 608 11,
332 535 362 609 2,
373 538 401 593 9.
421 535 527 605 licon]
551 526 585 590 id
609 524 846 590 consultissime
870 523 1112 590 decernendum
1134 521 1220 586 hele-

420 635 540 720 gimus:
557 643 593 698 ut
608 632 687 697 nulli
703 634 833 718 penitus
849 630 1016 696 audientia
1031 630 1220 715 denegetur,

421 738 479 804 sed
503 741 734 826 cuiuscumque
762 761 876 803 servus
907 761 981 802 cum
1012 735 1157 824 quolibet
1186 758 1220 799 se

421 847 602 912 adseruerit
626 869 684 910 seu
708 869 802 910 suum
832 846 902 910 sive
933 844 1057 910 domini
1087 844 1138 907 sui
1167 841 1221 906 vel

422 953 551 1018 domine
567 952 688 1018 habere
705 954 881 1038 negotium,
897 953 1020 1016 istatim
1031 950 1096 1034 ille,
1110 959 1222 1014 contre

422 1083 518 1146 quem
542 1058 651 1141 habet,
674 1069 803 1146 prestus
827 1081 898 1124 esse
915 1058 958 1123 ad
973 1057 1129 1122 iudicium
1146 1079 1221 1122 con·

421 1166 569 1253 pellatur,
597 1177 654 1230 aut
676 1165 801 1252 petenti
823 1165 937 1252 procul
959 1163 1058 1229 dubio
1089 1186 1220 1249 respon-

421 1295 515 1338 surus
539 1281 595 1336 aut
622 1272 853 1358 conpositionis
885 1293 1044 1336 summam
1073 1269 1222 1356 legaliter

421 1377 618 1464 inpleturus,
658 1379 686 1442 si
723 1401 744 1442 a
781 1399 877 1442 servo
911 1377 1010 1441 fuerit
1048 1377 1221 1441 iustissime

423 1495 609 1572 superatus;
634 1487 680 1549 ita
702 1494 747 1568 ut,
772 1486 800 1548 si
823 1507 937 1548 servus
960 1483 1049 1571 quod
1071 1483 1223 1569 proponit

423 1593 617 1657 convincere
653 1613 718 1655 non
747 1591 904 1677 potuerit,
940 1592 1100 1676 ingenuus
1134 1589 1222 1653 idem

423 1699 657 1764 conscientiam
681 1720 774 1762 suam
798 1698 909 1784 expiet
934 1697 1156 1779 sacramentis,
1187 1718 1221 1760 se

422 1805 502 1870 nihil
536 1805 668 1887 horum,
703 1804 790 1870 unde
825 1804 1017 1891 adpellatur‚
1051 1804 1134 1868 scire
1169 1803 1222 1867 vel

423 1911 545 1977 habere
568 1935 674 1998 neque
697 1911 815 1976 fecisse
839 1910 892 1976 vel
922 1911 994 1974 fieri
1023 1911 1220 1997 precepisse.

410 2019 466 2092 ‚Et
488 2029 562 2107 post
585 2018 649 2082 tale
674 2027 913 2083 sacramentum
943 2039 1057 2082 servus
1087 2039 1145 2102 pro
1175 2017 1222 2080 in·

423 2127 508 2190 iusta
537 2126 711 2212 petitione,
749 2126 833 2189 siout
862 2135 894 2189 et
931 2126 1124 2211 ingenuus,'
1147 2146 1222 2188 con-

423 2255 544 2319 ponere
561 2255 626 2296 non
642 2241 794 2297 moretur.
827 2231 897 2296 Nec
910 2242 1020 2295 tamen
1035 2253 1093 2316 pro
1107 2230 1222 2294 eadem

425 2340 681 2426 conpositionem
704 2337 789 2402 ultra
812 2338 946 2403 resultet
969 2337 1118 2402 dominus
1135 2339 1221 2420 eius3

423 2456 549 2511 tantum
572 2455 616 2527 ut,
641 2446 669 2508 si
692 2445 797 2509 minor
813 2455 863 2509 est
878 2446 973 2527 actio,
996 2467 1093 2530 quam
1109 2443 1223 2509 decem

425 2552 520 2618 solidi
547 2553 673 2639 possint
695 2551 816 2634 valere,
848 2573 961 2616 servus
992 2551 1223 2638 conpositionis

423 2658 649 2741 medietatem,
682 2658 743 2722 hoc
774 2671 823 2723 est
854 2659 934 2723 duos
965 2659 1062 2722 semis
1093 2656 1223 2740 solidos,

426 2775 561 2852 cogatur
584 2764 736 2830 exolvere
749 2770 769 2830 ¹.
810 2764 907 2846 Quod
930 2765 958 2828 si
981 2765 1067 2828 inira
1089 2779 1112 2828 Ι.
1135 2764 1224 2828 milia

426 2874 511 2937 servi
536 2873 703 2937 dominum
726 2894 798 2936 esse
823 2872 1012 2954 constiterit,
1043 2894 1108 2935 non
1131 2871 1225 2935 aliter

426 3003 540 3044 servus
563 2981 739 3066 ingenuum
762 2989 873 3065 petere
897 2979 1025 3065 poterit,
1056 2979 1118 3042 nisi
1141 2978 1224 3042 forte

426 3110 485 3173 per
512 3109 547 3150 se
577 3085 727 3150 dominus
758 3086 827 3149 eius
858 3086 892 3148 in
921 3085 1078 3149 iudicium
1109 3084 1224 3148 adesse

426 3216 491 3258 non
523 3194 627 3278 possit
659 3204 691 3256 et
723 3191 767 3256 ad
797 3191 1044 3278 proponendum
1077 3214 1097 3256 a
1130 3213 1224 3255 servo

426 3301 592 3385 negotium
617 3297 788 3384 epistulam
816 3321 914 3362 manu
944 3320 1003 3362 sua
1032 3297 1226 3383 suscriptum

427 3428 487 3493 per
510 3404 650 3470 eundern
674 3427 805 3469 servum
828 3404 929 3470 iudici
953 3404 1174 3469 destinaverit.

483 3929 523 3988 11,
546 3930 575 3988 2,
599 3931 623 3978 9.
667 3929 684 3978 l.
706 3931 728 3978 l.
755 3921 792 3990 id]
816 3928 855 3977 ita
881 3925 906 3975 Ε
927 3929 949 3975 l.
1005 3924 1137 3991 elegimus
1161 3925 1185 3974 R
1204 3927 1228 3975 2.

431 4018 448 4069 l.
462 4019 486 4068 3.
506 4017 656 4082 quemlibet
675 4017 737 4066 121.
760 4015 769 4077 ΙΙ
792 4015 1040 4067 eustatium.
1064 4013 1073 4073 l]
1096 4015 1112 4064 l.
1127 4016 1151 4064 1.
1171 4008 1229 4077 aut]

431 4112 462 4157 ut
480 4105 542 4156 ΕΙ.
562 4107 586 4156 2.
609 4103 618 4164 ll
641 4107 658 4156 l.
671 4107 697 4156 8.
716 4099 774 4169 aut]
787 4105 838 4155 hac
857 4104 919 4155 ΙΙΙ.
943 4102 952 4164 ΙΙ
975 4104 991 4153 Ι.
1005 4105 1030 4154 9.
1049 4119 1157 4153 servum
1170 4102 1243 4176 1215·

431 4195 447 4245 l.
463 4197 504 4245 13.
524 4193 678 4261 appellatur
697 4194 722 4244 B
741 4196 765 4244 2.
791 4193 799 4256 ΙΙ
825 4194 842 4243 l.
858 4196 898 4244 14.
918 4192 962 4243 vel
979 4218 1012 4225 —
1029 4197 1230 4242 sacramentnm

429 4283 480 4334 dea.
503 4283 529 4334 R
547 4284 572 4334 2.
604 4281 613 4343 ΙΙ
644 4285 661 4335 l.
682 4285 723 4334 16.
750 4283 908 4349 petitionem
928 4281 990 4332 Bi.
1022 4279 1031 4342 l]
1063 4282 1080 4331 l.
1101 4282 1142 4331 17.
1168 4274 1229 4344 nec]

430 4389 465 4422 ne
491 4372 516 4422 B
536 4375 560 4423 1.
615 4368 719 4437 endem]
739 4389 799 4424 eam
817 4371 842 4422 R
862 4375 885 4421 1.
917 4369 926 4431 l]
958 4372 974 4422 t.
996 4373 1037 4421 19.
1063 4377 1140 4421 tanto
1163 4369 1189 4419 R
1206 4371 1229 4420 1.

430 4462 447 4513 l.
461 4463 510 4512 20:
523 4470 639 4528 possunt
651 4461 676 4511 Ii
686 4464 710 4513 2.
748 4461 966 4526 conpositionem
980 4459 1039 4510 ita.
1062 4459 1071 4520 l]
1093 4461 1110 4511 l.
1121 4461 1164 4510 23.
1182 4459 1229 4510 do-

430 4551 504 4601 mino
524 4551 586 4601 Bi.
609 4549 618 4612 l]
641 4548 925 4602 sanctaenon

966 339 1046 394 LEX
1069 333 1373 394 VISIGOTHORUM
1395 334 1434 402 Π,
1453 333 1483 402 2,
1501 333 1531 390 9.

1275 529 1363 599 Im]
1390 551 1507 600 cumque
1529 551 1624 590 servus
1645 551 1707 588 curn
1726 533 1851 602 quolibet
1868 551 1899 584 se
1925 535 2077 585 adsemerit

1275 658 1324 692 seu
1352 658 1432 692 sunm
1459 643 1516 692 sive
1549 643 1651 696 domini
1685 642 1728 694 sui
1760 640 1804 698 vel
1836 641 1945 692 domine
1975 641 2077 692 hebere

1275 750 1423 813 negotium,
1443 749 1536 800 statim
1554 747 1610 810 ills,
1632 754 1727 802 oontrs
1746 764 1827 816 quem
1851 748 1943 808 habet,
1969 753 2077 814 prestus

1276 871 1335 906 osse
1364 856 1399 906 sd
1426 856 1560 906 iudicium
1590 853 1772 921 conpelletur,
1805 859 1854 910 aut
1881 857 1985 922 petenti
2016 871 2077 921 pro-

1276 961 1321 1012 cui
1341 963 1425 1013 dubio
1445 977 1626 1028 responsurus
1651 966 1700 1012 orit
1725 962 1924 1027 conpositionis
1944 970 2109 1012 rummeins

1276 1067 1403 1134 legaliter
1426 1067 1592 1135 inpleturus,
1620 1070 1644 1124 si
1670 1085 1687 1118 ιι
1711 1084 1791 1124 servo
1817 1069 1900 1124 fuerit
1929 1069 2076 1120 iustissime

1276 1182 1435 1242 superatus;
1460 1176 1500 1226 ita
1527 1181 1566 1234 ut,
1589 1176 1613 1230 sl
1639 1191 1732 1228 servus
1759 1176 1833 1242 quod
1858 1177 1988 1246 proponit
2013 1192 2077 1227 con·

1275 1284 1386 1334 vincere
1405 1298 1460 1332 non
1478 1283 1608 1348 potuerit,
1633 1284 1770 1348 ingenuus
1789 1283 1862 1334 idem
1881 1283 2078 1338 conscientiam

1276 1406 1352 1441 snam
1381 1391 1473 1456 expiet
1500 1391 1694 1450 sacramentis,
1722 1405 1751 1444 sc
1777 1388 1844 1440 nihil
1873 1390 1979 1449 horum,
2005 1388 2076 1440 unde

1277 1495 1440 1563 appellatur,
1459 1497 1531 1546 scire
1549 1494 1593 1547 vel
1612 1497 1713 1550 habere
1732 1511 1821 1562 nequo
1839 1496 1939 1548 iecisse
1957 1494 2001 1546 vel
2018 1494 2077 1546 fieri
2096 1507 2122 1545 ιο

1276 1604 1441 1669 precepisse.
1478 1603 1514 1653 Et
1531 1609 1594 1669 post
1613 1601 1669 1656 telo
1688 1609 1888 1660 sacromentum
1906 1618 2002 1656 servus
2027 1619 2075 1668 pro

1277 1711 1380 1760 iniusta
1406 1711 1555 1775 petitione,
1586 1711 1658 1762 sicut
1683 1716 1711 1762 et
1738 1711 1890 1778 ingenue,
1920 1725 2076 1776 conponere

1276 1833 1332 1867 non
1350 1823 1478 1867 moretur.
1515 1818 1573 1867 Nec
1591 1821 1683 1870 tanim
1701 1831 1750 1884 pro
1771 1816 1867 1870 eadem
1885 1817 2076 1886 conpositione

1276 1922 1348 1974 nitra
1367 1921 1483 1974 resultet
1502 1923 1629 1974 dominns
1651 1924 1724 1984 siuas
1750 1929 1856 1980 tantum
1883 1928 1921 1982 ut,
1940 1924 1965 1978 si
1990 1924 2077 1974 minor

1277 2037 1319 2080 est
1337 2031 1420 2090 aetio,
1439 2046 1520 2095 quam
1540 2030 1635 2081 decem
1647 2028 1729 2082 solidi
1742 2035 1857 2100 possunt
1869 2028 1970 2090 valere,
1984 2045 2077 2082 servus
2097 2039 2121 2078 lo

1277 2137 1477 2202 conpositionis
1512 2136 1701 2200 medietatem,
1735 2137 1786 2188 hoc
1820 2142 1861 2186 est
1891 2137 1961 2188 duos
1996 2138 2076 2192 semis

1277 2243 1391 2304 solidos,
1411 2248 1528 2307 cogatur
1547 2241 1697 2298 exsolvere.
1735 2243 1815 2306 Quod
1834 2244 1858 2293 si
1877 2244 1984 2298 inireL
2003 2243 2079 2296 milia

1277 2351 1349 2400 servi
1369 2350 1508 2400 dominum
1529 2365 1588 2399 esse
1611 2351 1773 2410 constiterit,
1798 2365 1852 2404 non
1878 2349 1960 2402 aliter
1983 2365 2078 2404 servus

1277 2459 1427 2522 ingenuum
1448 2461 1540 2522 petere
1559 2457 1667 2522 poterit,
1688 2457 1741 2512 nisi
1760 2457 1830 2510 forte
1842 2471 1892 2522 per
1908 2473 1938 2507 se
1952 2458 2078 2510 dominns

1279 2565 1338 2614 eius
1357 2566 1386 2614 in
1404 2563 1536 2614 iudicium
1555 2563 1652 2614 adesse
1676 2579 1731 2616 non
1754 2564 1841 2630 possit
1866 2569 1894 2613 et
1919 2564 1954 2614 ad
1979 2579 2079 2632 propo·
2097 2573 2123 2612 so

1278 2672 1396 2721 nendum
1425 2687 1441 2720 e
1468 2686 1548 2720 servo
1577 2671 1718 2734 nogotium
1746 2668 1892 2740 epistulam
1921 2686 2003 2722 manu
2031 2686 2081 2726 sus

1278 2777 1460 2842 subscriptum
1473 2792 1522 2843 per
1535 2776 1660 2826 eumdem
1672 2792 1781 2830 servum
1793 2776 1878 2830 ludici
1892 2777 2081 2830 destinaverit.

1280 2868 1377 2950 Quod
1416 2870 1442 2932 si
1485 2891 1597 2932 servus
1637 2868 1759 2938 domini
1802 2869 1853 2936 sui
1894 2891 2081 2955 proponens

1279 2977 1446 3062 negotium
1496 2986 1553 3039 aut
1604 2975 1719 3044 fraude
1769 2986 1826 3046 aut
1872 2975 2083 3061 neglegentis

1279 3082 1402 3148 domini
1419 3083 1469 3146 sui
1484 3082 1655 3146 viciaverit
1672 3081 1724 3150 vel
1739 3081 1920 3169 perdiderit
1936 3105 2081 3166 causam,
2100 3108 2125 3150 so

1278 3189 1377 3254 liceat
1392 3189 1522 3254 domino
1540 3189 1609 3253 eius
1626 3189 1764 3254 eandem
1781 3191 1928 3258 vitiatam
1948 3211 2082 3258 causam

1281 3306 1337 3362 aut
1359 3319 1419 3383 per
1442 3319 1476 3360 se
1493 3305 1548 3360 aut
1571 3318 1631 3382 per
1645 3295 1825 3382 legitimum
1841 3294 2083 3364 mandatarium

1281 3427 1375 3468 suum
1405 3402 1573 3467 revolvere
1605 3411 1637 3467 et
1664 3403 1848 3472 iustissimis
1878 3403 1998 3466 iterum
2026 3425 2082 3468 vo·

1282 3508 1375 3574 cibus
1398 3511 1500 3596 partis
1524 3533 1581 3574 sue
1604 3510 1772 3595 negotium
1794 3531 1957 3595 reparare.

1337 3924 1374 3982 11.
1392 3926 1417 3982 2,
1436 3925 1461 3973 9.
1499 3925 1553 3974 13.
1574 3930 1601 3975 et
1620 3931 1727 3990 prestus
1748 3924 1804 3980 Va.
1823 3926 1847 3974 4.
1871 3922 1880 3985 ΙΙ
1903 3925 1958 3974 ts.
1977 3939 2083 3974 summa
2102 3933 2127 3976 so

1283 4013 1346 4064 ΕΙ.
1374 4011 1383 4074 l]
1400 4013 1465 4068 ,1.6.
1485 4028 1501 4063 ιι
1520 4007 1611 4074 servo]
1633 4014 1668 4063 ad
1689 4028 1799 4068 servum
1818 4011 1881 4063 ΕΙ.
1908 4011 1917 4074 ΙΙ
1944 4013 2000 4063 tv.
2021 4027 2084 4063 con·

1283 4103 1356 4151 irinci
1382 4101 1444 4151 141.
1474 4103 1498 4152 6.
1543 4099 1551 4160 l]
1595 4102 1612 4152 l.
1639 4103 1663 4151 8.
1694 4096 1777 4166 idem]
1810 4103 1833 4151 si
1867 4102 1976 4166 quidem
2008 4100 2036 4152 Ε
2061 4104 2084 4152 1.

1284 4191 1301 4240 Ι.
1322 4193 1363 4241 13.
1378 4185 1450 4266 ⁸nec]
1469 4191 1507 4240 ito
1525 4189 1558 4241 Ε.
1578 4191 1635 4241 Vl.
1655 4193 1686 4252 63
1705 4207 1739 4242 ne
1758 4198 1813 4242 oon.
1840 4187 1849 4250 l]
1874 4191 1891 4240 l.
1908 4192 1950 4240 15.
1969 4185 2084 4256 possint]

1291 4280 1353 4342 V1;
1380 4285 1495 4346 possunt
1512 4289 1567 4330 cett.
1598 4279 1608 4341 ll
1640 4282 1656 4332 t
1678 4282 1718 4330 16.
1745 4281 1800 4334 duo
1819 4281 1900 4330 semis
1920 4279 1989 4340 ΕΙ;
2016 4280 2084 4330 duos

1285 4366 1336 4432 (ΙΙ)
1359 4375 1386 4419 et
1404 4370 1485 4418 semis
1505 4369 1562 4419 Vn.
1583 4371 1607 4419 3.
1627 4373 1653 4418 4.
1678 4368 1687 4429 l]
1713 4369 1730 4419 l.
1745 4370 1786 4420 19.
1805 4385 1855 4434 per
1873 4385 1902 4418 se
1923 4385 1997 4418 nuso
2015 4367 2083 4430 Ε2ῑ
2103 4379 2128 4422 tt

1282 4458 1333 4508 dea.
1353 4458 1377 4506 V
1385 4460 1409 4507 3.
1432 4457 1441 4516 ll
1464 4458 1481 4507 l.
1496 4459 1538 4508 26.
1558 4459 1617 4508 eius
1629 4457 1696 4507 deest
1708 4457 1762 4508 Vs.
1800 4457 1899 4507 dixedt
1911 4458 1940 4508 in
1952 4456 2085 4508 iudicium

1283 4547 1380 4597 adesse
1406 4562 1461 4598 non
1486 4563 1567 4612 posse
1592 4546 1656 4595 Va.
1687 4545 1696 4605 l]
1728 4546 1745 4595 l.
1765 4547 1807 4597 21.
1835 4562 1852 4595 a
1879 4561 1989 4596 servum
2015 4545 2044 4594 Ε
2062 4549 2084 4596 1.

1283 4635 1300 4684 l.
1320 4637 1363 4686 22.
1389 4631 1562 4700 suscriptum]
1582 4636 1619 4685 ito
1638 4634 1706 4697 Ε2;
1733 4635 1888 4700 subscripta
1914 4633 1942 4684 E
1961 4637 1990 4695 1;
2018 4651 2083 4684 con·

1283 4725 1413 4790 scriptam
1433 4724 1496 4786 V2;
1516 4725 1697 4790 subscriptam
1715 4731 1770 4774 cett.
1802 4720 1810 4782 l]
1842 4724 1859 4774 l.
1873 4725 1915 4774 24.
1934 4721 2083 4790 neglegen-

1283 4816 1349 4864 tinm
1369 4813 1431 4864 El.
1454 4811 1463 4873 ll
1486 4814 1559 4863 tto.
1579 4808 1700 4877 causam]
1720 4829 1805 4863 causa
1824 4811 1857 4862 E.
1882 4809 1892 4874 ΙΙ
1917 4813 1991 4864 627.
2011 4829 2085 4864 rnen·
2103 4825 2129 4868 so

1283 4903 1419 4954 datorinm
1433 4902 1461 4952 Ε
1469 4906 1493 4966 Ι..
1515 4900 1525 4963 ΙΙ
1548 4904 1564 4954 1.
1579 4905 1621 4953 28.
1641 4896 1791 4965 revolvere]
1807 4902 1844 4951 ito
1860 4901 1920 4952 ΕΙ.
1937 4902 1961 4950 V
1969 4904 1994 4953 2.
2014 4905 2039 4952 3.
2059 4903 2084 4954 6.

1283 4991 1370 5054 itm·
1387 5008 1517 5043 revocare
1537 4992 1594 5042 Vl.
1614 4993 1644 5054 53
1663 4993 1794 5042 roborare
1812 5008 1876 5042 corr.
1894 4992 1928 5042 cl.
1945 5008 1979 5041 m.
1997 4989 2084 5042 resol-

1283 5097 1348 5132 vere
1368 5081 1396 5130 Ε
1406 5083 1436 5144 2;
1456 5081 1593 5133 resolvere
1613 5081 1685 5132 Mod.
