4372 6254
395 249 493 304 XVIII
1102 247 1335 302 PRAEFATIO.

392 438 574 522 frapmenta
609 437 729 500 codicis
758 438 972 522 9677696667,
1007 435 1046 500 L.
1080 435 1142 500 Vis.
1178 435 1221 514 X,
1253 437 1283 512 3,
1316 437 1335 496 5
1371 449 1399 498 67
1434 434 1471 499 L.
1507 435 1625 496 Baius.
1665 435 1714 512 12,
1746 435 1846 496 5-7.
1908 433 2047 518 [teneque

393 543 581 630 respondent
603 546 684 608 76766
706 567 738 606 66
762 539 797 608 76
819 557 951 628 6766966
975 544 1039 628 7696
1056 541 1280 628 praecedentia
1305 543 1422 627 capita,
1446 541 1485 604 L.
1508 541 1571 605 Vis.
1596 539 1638 617 X,
1656 543 1686 620 3,
1704 543 1790 604 2-4
1815 555 1843 604 67
1865 541 1905 604 L.
1923 541 2045 604 Baius.

396 651 447 730 12,
467 652 560 712 1-4.
602 650 702 714 77667
724 650 818 714 dubie
841 649 947 714 eadem
971 651 1078 734 capita
1101 649 1206 714 eodem
1221 648 1422 712 modoetiam
1439 650 1472 711 in
1490 648 1666 712 Euriaiano
1682 647 1787 711 codice
1805 661 2049 732 praecesserunt

393 759 495 842 capiti
516 758 590 819 276.
641 755 745 834 Quare
769 780 874 820 eorum
898 757 1064 820 6667667766
1086 757 1142 819 areb
1166 757 1305 818 numeris
1329 757 1403 818 274.
1429 756 1505 834 275,
1530 757 1562 818 in
1587 755 1648 817 dno
1672 756 1778 839 capito
1803 755 1919 826 6776766,
1944 756 2050 839 capiti

393 865 457 927 276
482 867 720 950 praemisimus.
772 861 896 948 Capitis
918 877 1018 927 667676
1044 865 1147 948 ipsium
1170 863 1234 925 276
1265 864 1402 938 initium,
1433 876 1462 925 et
1490 864 1523 926 in
1547 863 1745 949 fraymentis
1774 861 1923 946 6767767666
1952 876 1982 925 67
2011 864 2078 924 ino

393 969 475 1056 Leye
498 970 750 1034 Bainuariorum
782 995 843 1034 666
875 984 1038 1055 receptum,
1069 993 1108 1032 66
1129 969 1167 1032 L.
1194 968 1257 1034 Vis.
1283 967 1325 1048 X,
1350 969 1381 1048 3,
1406 970 1424 1031 5
1456 970 1582 1032 restitui
1608 968 1721 1032 debuit.
1776 967 1915 1054 Infebioi
1941 983 2043 1032 autem

393 1101 468 1140 casu
491 1080 651 1156 sententia,
676 1101 754 1162 9666
779 1079 813 1140 76
835 1078 1032 1164 7669666776
1060 1079 1169 1162 prima
1193 1089 1236 1138 667
1259 1099 1356 1161 eaque
1379 1077 1471 1139 767776
1495 1075 1616 1153 mutila,
1647 1077 1772 1138 omniuo
1796 1077 1912 1138 omissa
1936 1089 1982 1138 est
2012 1077 2044 1138 iu

392 1183 536 1268 Antiqua
560 1185 619 1248 7776
644 1183 740 1270 Leuis
764 1183 1011 1270 Visiqotborum,
1035 1182 1166 1267 ideoque
1189 1207 1285 1246 66666
1314 1205 1381 1244 666
1410 1183 1552 1266 priorem
1581 1182 1748 1244 sententiae
1771 1194 1897 1266 9667666
1928 1205 1943 1244 6
1974 1205 2045 1242 666-

396 1292 512 1354 7667666
535 1291 682 1376 supplere
693 1293 712 1352 ¹.

500 1397 579 1462 Alia
603 1399 709 1481 capite
740 1421 778 1462 66
801 1396 883 1482 17696
908 1397 1158 1460 Boiunariorum
1190 1397 1341 1472 restituta,
1372 1419 1451 1480 9666
1481 1395 1594 1480 quibus
1625 1395 1702 1458 76676
1729 1393 1844 1458 Codici
1865 1393 2046 1458 Euricianu
2068 1418 2091 1454 ιο

394 1507 509 1568 inserta
533 1505 672 1590 fuerint,
697 1505 861 1582 66667666,
892 1503 1011 1568 codicis
1035 1503 1211 1566 Euriciaui
1230 1504 1427 1590 fraymentis
1449 1503 1506 1564 666
1537 1503 1675 1566 numeris
1708 1501 1813 1564 l—lb
1843 1503 2044 1566 subiecimus.

1124 1706 1313 1792 (Japaelll.

606 1831 674 1904 De
708 1832 807 1930 7696
842 1831 1193 1930 Visigrotborum
1226 1830 1301 1902 667
1334 1829 1479 1902 Libro
1513 1829 1824 1902 iudiciorum.

503 1970 625 2056 (Jorpus
656 1971 755 2054 769667
786 1996 804 2033 6
834 1968 1072 2032 Ubindasriudo
1103 1971 1286 2048 institutum,
1317 1994 1335 2032 a
1365 1967 1591 2032 Iiecsessrindo
1622 1969 1806 2048 absolutum,
1836 1969 1876 2032 ab
1906 1969 2044 2054 Eroiqio

393 2092 571 2141 reuocatum
596 2091 625 2140 et
647 2077 686 2140 ab
710 2079 777 2140 eius
800 2077 1029 2140 successoribus
1052 2090 1185 2155 666766,
1214 2076 1350 2140 diuisum
1383 2089 1426 2140 est
1457 2078 1488 2138 in
1520 2077 1618 2139 libros
1641 2075 1722 2152 XII,
1754 2075 1834 2140 iibri
1861 2079 1893 2140 76
1925 2077 2043 2154 tinctos,
2066 2103 2091 2140 6

393 2183 480 2246 tituli
501 2185 534 2246 in
559 2207 639 2262 eras,
665 2197 697 2246 ut
720 2197 845 2246 676666
867 2183 982 2270 forma
1009 2184 1091 2247 uocis
1114 2185 1299 2267 antiquiori.
1331 2209 1350 2246 a
1383 2182 1411 2246 V
1410 2183 1553 2268 esiqotbis
1582 2197 1660 2245 certe
1684 2182 1757 2246 inde
1782 2209 1801 2246 a
1830 2185 1954 2247 6666676
1989 2183 2040 2247 VI.

394 2303 556 2374 usurpata,
580 2313 660 2374 9666
683 2315 703 2352 6
727 2289 887 2353 modernis
910 2289 1011 2353 ‘aera’
1035 2291 1194 2353 scribitur.
1234 2289 1319 2352 Loco
1343 2291 1428 2352 66676
1448 2289 1526 2352 ‘era'
1542 2313 1598 2353 nos
1613 2290 1761 2353 6767777766
1777 2303 1868 2374 67966
1885 2291 2040 2354 interdurn

393 2396 535 2458 codicum
569 2398 738 2481 scriptores
767 2398 895 2481 saepius
928 2421 995 2460 6666
1027 2396 1143 2481 ‘caput'
1175 2397 1225 2459 667
1255 2397 1447 2480 ’6667767667
1480 2398 1603 2460 utimur.
1658 2395 1728 2460 Era
1759 2421 1979 2482 unaquaeque,
2013 2400 2046 2460 si

393 2504 562 2566 orru'ttinsns
587 2503 700 2565 librum
720 2502 746 2576 l.
766 2504 1015 2589 praefationem,
1040 2527 1098 2564 uon
1125 2503 1205 2588 76966
1229 2505 1439 2580 6667766666,
1464 2517 1492 2566 67
1507 2527 1614 2588 parcan
1632 2505 1737 2588 capita
1754 2504 1840 2568 67766
1855 2507 2063 2592 6696666677,

394 2611 499 2695 76966,
523 2611 589 2672 sire
612 2609 808 2693 ί66779666,
832 2610 889 2672 boc
912 2623 956 2672 est
978 2623 1033 2672 aut
1054 2633 1093 2672 66
1111 2609 1216 2673 codice
1232 2609 1409 2674 Eurioiauo
1426 2635 1445 2672 6
1462 2608 1650 2695 [7667977676
1667 2625 1812 2674 renouato
1828 2625 1883 2674 ant
1897 2612 2043 2698 fortasse
2064 2637 2091 2673 66

393 2740 431 2779 eu
449 2715 548 2802 76966
567 2715 783 2778 Romanarum
808 2715 914 2779 6667766
930 2703 1120 2780 Α766767666
1144 2730 1309 2801 surreptam,
1333 2719 1399 2778 sire
1422 2719 1506 2802 66976
1523 2731 1598 2802 post
1612 2716 1833 2802 Leoriqildurn
1851 2719 2044 2804 7696767666

346 2891 350 2902 ‚
386 2825 526 2909 praebet.
576 2820 613 2883 br
631 2823 745 2908 forma
764 2821 1050 2885 Bercessrindiana
1075 2847 1145 2885 6666
1168 2825 1312 2908 67696766
1335 2838 1390 2886 um
1413 2824 1530 2886 6677676
1553 2825 1713 2908 praebent,
1737 2837 1792 2888 aut
1815 2849 1908 2887 66667
1931 2849 1971 2888 eu
1993 2825 2045 2888 bis

395 2929 672 3014 inscriptionibus:
694 2923 899 3007 ANTIQUA
924 2943 978 2992 667
1000 2926 1196 2992 FLAVIUS
1214 2927 1468 2993 GLORIOSUS
1485 2927 1856 2995 RECCESSVINDUS
1872 2929 1964 2994 REX
1989 2947 2046 2995 aut

393 3033 587 3098 FLAVIUS
612 3031 985 3099 CHINDASVINDUS
1003 3034 1093 3098 REX
1114 3050 1168 3100 667
1186 3035 1381 3100 FLAVIUS
1399 3035 1645 3101 SISEBUTUS
1661 3037 1752 3100 REX
1775 3053 1829 3102 667
1846 3036 2042 3102 FLAVIUS

393 3139 692 3206 REOCAREDUS
715 3140 818 3204 REX.
2063 3171 2090 3208 6

500 3248 639 3312 Dubium
679 3262 738 3328 667,
785 3249 937 3333 quomodo
977 3249 1110 3336 Erriqii
1153 3252 1359 3314 iureconsulti
1393 3253 1605 3314 renovationis
1643 3266 1783 3316 auctores
1821 3255 2044 3337 inscriptiones

392 3357 603 3420 tractarerint.
658 3356 695 3418 In
727 3358 842 3442 optimo
873 3355 1051 3442 1766797667
1078 3360 1221 3442 corporis
1251 3357 1356 3420 codice
1388 3357 1434 3430 (E
1460 3361 1490 3442 l)
1522 3359 1743 3443 inscriptiones
1765 3359 1954 3444 plerumque
1989 3374 2046 3422 ant

392 3465 535 3531 arru'ssae.
560 3477 615 3526 aut
631 3477 706 3548 post
730 3465 761 3526 in
787 3465 928 3550 6669766
953 3464 1002 3525 neb
1022 3487 1120 3548 snpra
1146 3465 1305 3528 rubricam
1329 3465 1434 3528 ab'ena
1454 3489 1549 3527 6666
1565 3465 1745 3550 adscriptae
1761 3479 1840 3530 6667.
1880 3464 1918 3528 Iu
1936 3466 2043 3529 codice

392 3571 458 3634 alio
484 3569 530 3650 (E
544 3571 578 3652 2)
603 3572 712 3633 rarius
736 3572 969 3634 6676666667.
1018 3568 1057 3632 In
1080 3570 1241 3634 codicibus
1257 3573 1390 3658 fortune
1416 3573 1567 3657 66796766,
1591 3573 1704 3656 quibus
1720 3573 1836 3659 forma
1856 3572 2039 3658 Eruiuiana

385 3677 599 3760 Ι7667666676
629 3691 686 3755 667,
714 3679 838 3762 partim
875 3679 1022 3755 66776666,
1054 3679 1173 3762 partim
1210 3681 1361 3763 scriptae,
1391 3681 1513 3764 partim
1548 3680 1705 3766 superflue
1740 3679 1926 3765 compilatae
1960 3694 2039 3742 6667.
2063 3707 2088 3744 so

393 3785 545 3869 Suspicor
569 3798 709 3848 66676666
725 3785 858 3870 formae
873 3782 1072 3869 Eruiqianae
1096 3784 1194 3868 76966
1220 3787 1445 3869 6677967666,
1469 3809 1548 3869 quas
1564 3785 1804 3849 emendaverunt
1818 3800 1846 3850 67
1861 3785 1949 3849 baud
1965 3811 2042 3850 raro

386 3915 522 3976 prorsus
547 3893 794 3968 immutaverunt,
819 3914 878 3952 non
903 3892 1068 3954 retinuisse
1087 3893 1234 3976 66779666
1250 3893 1471 3976 inscriptiones
1486 3893 1585 3954 tencteri
1597 3916 1689 3976 saepe
1705 3894 1889 3956 6667666766.
1930 3892 2041 3972 Immo,

394 4000 556 4062 6667666666
575 3996 879 4060 Receessuindianae
903 3999 1124 4082 inscriptiones
1147 4023 1198 4061 eos
1221 3999 1362 4062 66767666
1386 3997 1586 4061 crediderim.
1629 3997 1774 4062 Noceliis
1796 4012 1896 4062 66766
1921 4000 2042 4086 7697666

386 4119 460 4189 post
483 4103 744 4166 Reccessuindnm
768 4103 890 4166 additis
913 4118 976 4167 tam
1000 4103 1168 4168 Wambaui
1182 4107 1399 4190 praecessoris
1422 4130 1516 4190 9666
1539 4107 1643 4190 ipsius
1665 4104 1799 4192 Eruiqii
1819 4108 2041 4191 inscriptiones

386 4213 611 4296 praeposuisse
635 4210 790 4289 ridentur,
815 4235 893 4294 9666
911 4211 1059 4295 plerique
1082 4210 1204 4274 codices
1227 4213 1439 4296 ritanuscripti
1466 4211 1603 4277 tradunt.
1642 4211 1797 4296 Eruiaius
1820 4213 1925 4276 eodem
1948 4213 2039 4276 modo
2060 4237 2085 4274 66

392 4333 483 4402 atque
506 4317 754 4381 Reccesseindus
777 4342 867 4380 usum
884 4321 1012 4404 prioris
1037 4319 1135 4404 76966
1160 4321 1292 4405 formae
1316 4319 1484 4403 probibuit
1514 4318 1576 4398 (II,
1604 4321 1631 4396 1,
1658 4320 1697 4380 14
1724 4318 1827 4398 Era),
1857 4319 1914 4382 sed
1942 4343 2040 4382 66666

385 4424 517 4509 formae
548 4424 670 4488 codices
699 4427 828 4509 saepiae
857 4425 913 4488 boc
942 4425 1034 4488 modo
1065 4425 1203 4510 confecti
1229 4449 1293 4488 6666
1324 4424 1479 4504 66766766,
1515 4440 1548 4488 67
1576 4428 1724 4510 antiq-nae
1751 4428 1884 4512 formae
1918 4426 2040 4490 codices

392 4531 588 4617 6666796676,
612 4531 787 4610 inserenda,
813 4531 953 4594 radendo
977 4532 1027 4594 667
1048 4533 1113 4595 6776
1136 4531 1228 4595 modo
1253 4531 1383 4596 debendo
1411 4535 1444 4596 in
1475 4557 1585 4596 nouam
1618 4533 1715 4617 76966
1740 4534 1888 4619 formum
1917 4533 2038 4617 6667796-

392 4651 507 4700 rentur.
558 4637 624 4714 Quo
649 4663 724 4701 cas-u
738 4639 848 4725 fossile
864 4640 947 4724 fieri
961 4641 1077 4724 potuit,
1100 4652 1133 4702 ut
1147 4638 1345 4724 Er·m'5p'anae
1361 4639 1495 4726 formae
1518 4639 1639 4702 codices
1662 4653 1690 4702 et
1711 4639 1838 4725 sinyuba
1861 4643 1967 4725 capita
1993 4641 2041 4704 667

391 4746 567 4824 sententias,
598 4769 677 4829 9666
707 4746 868 4809 reicienda
898 4769 951 4808 sen
981 4745 1168 4832 6666796676
1199 4759 1297 4822 erant.
1328 4760 1356 4808 et
1385 4748 1615 4831 inscriptiones,
1651 4769 1730 4830 quae
1761 4745 1910 4810 debendae
1940 4761 2038 4812 eraut.
2060 4771 2084 4807 6

394 4853 554 4914 76667676
578 4853 750 4915 retinerent.

502 5071 530 5140 1)
566 5071 774 5128 Restitutionem
806 5081 831 5128 et
865 5072 1051 5132 coniecturam
1085 5093 1175 5129 6666
1210 5074 1288 5129 baud
1319 5073 1359 5130 ita
1390 5083 1482 5130 certas
1513 5095 1569 5130 essu
1599 5076 1727 5131 concedo.
1782 5075 1923 5150 Proposui
1950 5077 2037 5131 locum

391 5178 531 5236 sodalibus
560 5178 707 5235 seminarii
735 5178 805 5235 iuris
836 5177 1003 5237 Germanici
1031 5179 1224 5236 3666776666
1253 5180 1282 5236 76
1312 5189 1444 5236 semestra
1474 5181 1586 5237 biennali
1617 5179 1843 5250 1901—1902,
1878 5181 1924 5237 ubi
1951 5201 1977 5238 6.
2009 5183 2036 5237 d.

394 5285 478 5341 Felix
501 5285 629 5354 Sebiller,
655 5284 803 5354 Buderrsis,
828 5294 928 5361 669676
951 5286 1098 5356 contendit,
1122 5287 1285 5343 seutentiam
1316 5287 1383 5362 76976
1413 5287 1547 5362 antiquae
1574 5288 1611 5357 X,
1638 5288 1666 5356 3,
1692 5287 1728 5344 5:
1760 5287 1829 5343 Cum
1853 5297 1949 5344 autem
1971 5308 2033 5360 pro-

391 5393 498 5463 prietas
527 5423 570 5430 -
598 5393 749 5463 helegerit,
778 5413 835 5449 non
859 5391 954 5463 fuisse
977 5393 1006 5449 in
1032 5392 1134 5448 L'urici
1162 5413 1185 5449 c.
1212 5393 1273 5448 276
1306 5403 1332 5449 67
1360 5395 1490 5450 lacunam
1515 5393 1554 5450 ita
1583 5414 1640 5451 esse
1668 5395 1863 5470 mpplendam,
1895 5405 1924 5451 67
1953 5394 2037 5451 uerba
2056 5411 2082 5449 6

392 5499 509 5554 Romani
533 5507 558 5554 67
579 5499 686 5554 fuerint
709 5498 782 5554 inter
803 5519 833 5554 sc
855 5498 1019 5574 7669667676.
1066 5499 1269 5570 Dubitationes,
1294 5520 1366 5574 9666
1389 5521 1424 5556 ar
1448 5501 1619 5576 6696666776
1646 5501 1703 5558 cius
1732 5501 1800 5557 mibi
1828 5511 1945 5559 6666766
1974 5511 2038 5558 sunt

391 5625 447 5661 non
471 5607 550 5674 leves,
576 5606 686 5661 tandem
711 5604 791 5661 omisi
812 5613 837 5660 67
859 5604 1056 5661 restitutionem
1080 5626 1168 5662 6666
1193 5607 1305 5663 reti-riui.
