4388 6226
383 342 447 405 470
728 349 1024 406 SUPPLEllENTA.
1052 379 1091 386 -
1117 348 1229 404 COLL.
1253 347 1331 404 IUR.
1357 347 1546 403 nora-VIS.
1569 347 1686 403 7-12.

382 537 482 600 frater
506 537 574 600 sinc
598 535 683 616 tiliis,
708 557 819 600 omnes
844 547 979 622 nepotes
1002 535 1087 599 illius
1112 534 1271 621 equaliter
1293 535 1475 620 portionem
1500 534 1663 618 dividant3
1694 535 1755 600 hoc
1784 547 1834 599 est
1865 536 1938 599 toti.
1994 537 2043 600 Ita

383 657 414 708 ct
438 645 465 707 si
491 643 553 707 due
578 665 704 707 sorores
728 642 913 728 relinquant
936 641 1029 722 filice,
1054 665 1119 706 una
1142 641 1309 728 plurimos,
1335 652 1367 706 et
1381 641 1446 706 alia
1462 664 1595 728 paucos,
1614 654 1646 706 et
1661 643 1756 706 tertia
1773 628 1866 708 soror
1882 645 2043 706 moriatur

383 751 452 814 sinc
476 750 560 832 filiis,
586 749 745 836 equaliter
768 749 951 835 partiantur
974 747 1031 812 filii
1056 771 1166 812 aarum
1190 748 1415 829 hereditatem,
1445 751 1528 813 sicut
1552 750 1585 813 in
1610 749 1751 814 edictum
1775 751 1935 836 scriptum
1962 755 2041 814 cst1.

489 856 581 920 Vlll.
621 856 673 919 De
698 855 911 937 naturalibus,
936 855 1056 941 quide
1081 855 1199 920 aneilla
1222 867 1410 938 nascuntur,
1441 857 1486 920 ita
1511 867 1543 920 et
1574 858 1600 920 si
1632 856 1672 920 do
1703 858 1847 942 ingenua
1878 857 2041 922 absconse

382 965 449 1027 nati
473 964 602 1028 fuerint.
649 963 692 1026 Et
716 963 743 1026 si
767 985 832 1028 non
856 961 954 1026 abeat
977 961 1060 1026 lilios
1085 962 1125 1026 de
1150 963 1294 1048 legitima
1316 985 1429 1044 uxore,
1459 975 1567 1050 potest
1590 965 1660 1027 lieri
1685 975 1788 1028 mater
1819 987 1946 1046 corum,
1979 987 2071 1050 ques

382 1069 530 1135 concuba
553 1070 623 1152 fuit,
648 1091 748 1150 uxor3
774 1093 848 1133 cum
872 1070 1073 1133 conscientia
1096 1080 1204 1134 tamen
1229 1070 1346 1154 regist.
1398 1071 1441 1134 Et
1471 1081 1584 1156 postca
1614 1069 1670 1133 illa
1700 1082 1804 1134 mater
1833 1071 1978 1135 tiliorum
2009 1073 2040 1134 in

381 1178 597 1256 matrimonio,
622 1187 654 1240 et
677 1176 735 1240 lilii
760 1178 829 1240 eius
854 1177 917 1240 sint
940 1175 1052 1258 liberi3
1078 1186 1110 1240 et
1133 1187 1327 1261 potestatem
1351 1175 1471 1241 habeat
1495 1178 1520 1240 si
1545 1176 1684 1242 voluerit
1700 1188 1793 1263 pater
1809 1178 2040 1264 derelinquere

382 1283 444 1348 illis
468 1283 682 1348 hereditatem
707 1306 808 1348 suam.
857 1283 892 1346 Si
916 1293 1025 1347 autem
1049 1284 1219 1348 intestatus
1244 1282 1369 1366 obierit,
1395 1285 1460 1348 sint
1482 1283 1528 1347 illi
1552 1283 1689 1348 heredes
1712 1285 1779 1348 filii.

490 1390 598 1454 Vllll.
636 1389 693 1454 Si³
717 1391 789 1476 quis
813 1413 877 1454 non
902 1389 1052 1453 habuerit
1075 1389 1157 1453 filios
1180 1389 1343 1476 legitimos
1367 1389 1408 1454 dc
1432 1391 1577 1476 legitima
1597 1413 1698 1454 uxore
1715 1401 1818 1474 natea,
1837 1391 2039 1457 ethabuerit

382 1497 556 1578 naturales
582 1509 730 1584 quartam
755 1507 880 1582 partem
904 1495 1093 1560 hereditatis
1117 1519 1175 1560 sue
1205 1496 1326 1562 habeat
1355 1497 1519 1562 licentiam
1550 1497 1733 1584 relinquere
1764 1497 1982 1580 naturatibus,
2014 1501 2040 1562 si
2059 1525 2081 1560 u

383 1605 530 1684 voluerit,
556 1605 632 1669 dnm
657 1627 754 1668 sanus
779 1614 837 1684 est,
862 1602 1128 1690 perdonationis
1153 1603 1320 1687 cartulam,
1352 1614 1409 1668 aut
1435 1606 1575 1668 nroriona
1606 1627 1665 1690 per
1695 1615 1936 1669 testamentum.
1992 1605 2040 1669 lta

382 1722 502 1794 tamen,
528 1713 555 1775 si
579 1711 697 1775 arrcilla
721 1712 762 1774 sit
785 1710 838 1774 illa
863 1709 1011 1774 concuba
1035 1711 1146 1796 ipsine,
1176 1733 1249 1774 cum
1273 1710 1347 1774 liliis
1372 1711 1437 1774 auis
1468 1720 1542 1774 autc
1573 1721 1672 1774 testes
1702 1711 1864 1796 legitimos
1896 1713 2039 1798 ingenua

383 1818 579 1900 dimittatur3
598 1817 646 1882 ad
671 1819 797 1882 iunctos
821 1817 904 1880 lilios
929 1827 960 1880 et
984 1828 1120 1880 matrem
1145 1816 1272 1881 illorum
1297 1817 1352 1881 det
1376 1817 1564 1881 hereditatis
1590 1841 1646 1881 suo
1671 1831 1819 1904 quartam
1836 1821 2038 1904 portionem3

383 1948 458 1988 nam
483 1925 620 2011 amplius
645 1935 759 2011 quarte
784 1925 940 2011 portionis
964 1922 1167 1988 naturalibus
1192 1923 1270 1987 darc
1296 1947 1359 1988 non
1384 1935 1499 2012 potest.
1548 1924 1646 2004 Quod
1670 1926 1696 1987 si
1720 1924 1802 1988 lilios
1826 1925 1868 1988 de
1893 1925 2039 2012 legitima

383 2055 484 2096 uxore
516 2029 681 2112 habuerit,
717 2030 901 2094 nullatenus
937 2031 967 2094 ci
997 2029 1181 2116 relinquere
1216 2030 1314 2095 licoat
1347 2030 1549 2095 naturalibus
1584 2029 1676 2112 filiis,
1712 2032 1773 2094 nisi
1809 2031 2038 2096 duodecimam
2059 2057 2080 2095 rs

383 2152 525 2224 partom3
551 2137 701 2202 undecim
726 2137 849 2223 relique
874 2149 982 2222 partes
1007 2136 1050 2200 ad
1078 2137 1238 2222 legitimos
1263 2149 1452 2202 remaneant
1476 2137 1568 2202 lilios.
1617 2137 1651 2202 Si
1675 2160 1753 2201 vero
1777 2150 1873 2224 pater
1897 2141 2039 2203 moriens

383 2268 446 2309 non
472 2244 637 2331 reliquerit
661 2243 784 2330 aliquid
807 2243 1009 2308 naturalibus
1034 2243 1118 2325 filiis,
1143 2244 1277 2328 ingenui
1301 2245 1365 2308 sint
1388 2245 1449 2308 aivi
1475 2245 1635 2326 contenti3
1667 2254 1699 2309 ct
1721 2267 1786 2309 non
1817 2269 1874 2308 cos
1904 2258 2040 2310 revocet

383 2351 427 2416 ad
450 2352 617 2415 servitium
641 2351 777 2436 legitimi
800 2351 868 2414 lilii.

492 2459 532 2522 X.
579 2457 636 2524 Si4
667 2459 738 2545 quis
769 2458 868 2522 iudex
900 2457 1065 2522 voluntate
1101 2481 1159 2522 sua
1192 2457 1404 2540 iudicaverit,
1441 2470 1473 2522 et
1507 2457 1649 2523 edictum
1684 2468 1905 2543 transgressus
1942 2459 2039 2525 fucrit

383 2575 516 2651 proptor
538 2567 712 2652 pecuniam
736 2575 768 2630 et
799 2565 940 2651 aliquem
970 2565 1233 2651 preludicaverit,
1265 2564 1492 2650 quadruplum,
1524 2575 1680 2652 quantum
1711 2567 1888 2651 acceperit,
1920 2567 2039 2630 inferat
2057 2593 2080 2630 ao

383 2673 478 2754 tisc03
504 2684 536 2736 et
560 2671 698 2759 amplius
722 2672 822 2736 iudex
845 2695 910 2736 uon
934 2673 983 2736 sit.
1026 2672 1123 2752 Quod
1147 2673 1173 2735 si
1198 2693 1331 2736 eausam
1355 2673 1458 2758 ipsam
1483 2695 1548 2736 non
1571 2672 1826 2759 prciudicaverit
1841 2674 2037 2752 voluntarie,

383 2780 462 2842 satis
487 2777 662 2843 reducatur
685 2779 862 2843 secundum
887 2779 985 2844 edicti
1009 2780 1157 2843 scrieml.

492 2886 552 2949 Xl.
593 2887 649 2950 Sil
673 2887 745 2972 quis
769 2885 868 2949 iudex
899 2887 1022 2949 irriserit
1052 2887 1200 2950 nuntium
1231 2885 1273 2950 ad
1304 2885 1444 2972 aliquem
1475 2885 1629 2950 veniendi
1660 2885 1701 2950 ad
1731 2886 1899 2969 iudicium,
1932 2901 1966 2951 et
1996 2886 2038 2950 ad

383 3017 481 3079 quem
509 2994 633 3056 miserit
662 2993 774 3056 venire
806 2993 1039 3078 contempserit
1069 2991 1168 3056 semel
1199 3003 1231 3056 ct
1260 2991 1321 3074 bis,
1353 3006 1385 3056 et
1414 2994 1440 3056 si
1472 2993 1567 3057 tertio
1598 2992 1641 3056 ad
1671 2992 1787 3056 iudicis
1816 2979 1941 3058 iussum
1973 3017 2038 3058 non

384 3101 511 3164 venerit
541 3099 583 3163 ad
614 3099 779 3170 indicium,
811 3099 927 3185 perdat
957 3121 1089 3163 causam
1122 3110 1153 3163 ct
1183 3101 1332 3164 restituat
1362 3095 1501 3163 debitori
1531 3123 1599 3180 suo,
1631 3099 1717 3186 quod
1748 3101 1778 3164 ei
1809 3099 1931 3164 debore
1963 3124 2037 3165 con·
2056 3127 2079 3165 aa

385 3208 510 3270 stiterit.
558 3207 650 3270 Etsi
681 3206 763 3270 forte
794 3229 929 3292 presens
959 3229 1023 3269 non
1055 3205 1162 3286 lircrit,
1194 3205 1324 3290 quaudo
1356 3206 1472 3270 iudicis
1503 3207 1670 3292 preceptio
1701 3205 1743 3269 ad
1774 3206 1904 3271 domum
1938 3209 2038 3294 ipsius

384 3315 520 3394 venerit,
546 3325 601 3377 aut
624 3314 793 3376 infirmitas
818 3313 905 3376 illurn
938 3313 1127 3394 tardaverit,
1159 3325 1215 3376 aut
1244 3313 1379 3376 l'oraitan
1409 3313 1442 3375 in
1473 3335 1574 3376 causa
1603 3313 1690 3397 regis
1721 3313 1818 3376 fuerit
1849 3326 2038 3400 occupatus,

385 3421 412 3484 si
437 3420 476 3483 do
501 3419 550 3484 his
575 3419 676 3483 tribus
700 3443 764 3483 una
790 3421 961 3506 occupatio
985 3419 1082 3484 fuerit
1113 3443 1212 3505 super
1242 3442 1325 3500 cum,
1357 3441 1421 3482 non
1452 3418 1648 3484 molestetur.
1702 3419 1745 3483 Et
1775 3420 1801 3482 si
1831 3421 2038 3505 postmodum

385 3529 521 3606 venerit,
547 3527 695 3590 restituat
719 3525 865 3590 debitum
890 3549 983 3591 suum
1008 3525 1186 3590 secundum
1211 3527 1297 3610 regis
1321 3525 1472 3590 edictum.

493 3633 569 3698 Xll.
618 3633 705 3714 Qui³
734 3633 776 3697 ad
807 3633 963 3697 iurlicium
994 3633 1172 3698 iudicatum
1203 3656 1267 3696 non
1298 3632 1477 3696 reddiderit
1507 3631 1651 3696 debitum
1681 3644 1713 3697 et
1744 3635 1976 3719 contempserit
2006 3636 2039 3698 in
2057 3661 2081 3698 ao

386 3740 511 3805 duobus
543 3729 719 3822 rrr'ensibua
756 3739 940 3826 interpellet
971 3740 1112 3804 creditor
1142 3762 1252 3824 regem
1283 3751 1338 3802 aut
1368 3739 1518 3820 iudicem,
1556 3740 1611 3826 qui
1642 3741 1839 3804 transmittat
1870 3742 2038 3825 sagionem

385 3871 458 3912 cum
484 3849 564 3934 ipso,
589 3859 621 3911 ct
645 3847 735 3912 tollat
758 3848 849 3932 sagio
874 3845 926 3910 illc
959 3846 998 3910 de
1030 3845 1211 3911 substantia
1241 3848 1321 3926 cius,
1353 3845 1440 3931 quod
1471 3847 1576 3932 ipsum
1608 3845 1753 3910 debitum
1783 3847 1887 3932 possit
1917 3848 2038 3928 valere,

385 3966 540 4041 quantum
566 3954 718 4018 creditori
743 3977 800 4018 suo
825 3955 994 4017 restituere
1019 3955 1124 4017 iussus
1149 3953 1264 4034 fuerat,
1289 3963 1321 4016 ct
1344 3952 1460 4017 reddat
1484 3953 1646 4017 creditori.
1686 3953 1730 4017 Et
1752 3952 1874 4017 habeat
1898 3954 2040 4018 creditor

493 4230 510 4279 l.
531 4230 553 4276 1.
583 4227 717 4294 equaliter
735 4246 756 4278 c.
788 4226 796 4285 ll
829 4228 846 4277 l.
866 4229 890 4277 2.
920 4229 943 4277 si
962 4226 1046 4276 cadon
1065 4245 1133 4275 omri.
1151 4243 1272 4290 supressa-r.
1291 4245 1311 4275 c.
1356 4226 1408 4290 due
1428 4244 1448 4276 c.
1481 4223 1490 4284 ll
1522 4226 1538 4275 l.
1559 4231 1583 4276 3.
1612 4224 1745 4294 equaliter
1763 4245 1783 4275 c.
1816 4233 1824 4285 ti
1856 4227 1874 4275 l.
1894 4229 1919 4276 ὁ.
1949 4244 2000 4298 que
2018 4247 2038 4278 a.

385 4318 403 4366 l.
426 4320 466 4367 10.
494 4334 542 4386 sup
561 4335 581 4366 c.
614 4315 622 4374 lj
655 4317 671 4369 l.
693 4320 733 4367 11.
763 4315 913 4366 chartulam
929 4333 949 4365 c.
983 4315 990 4372 ll
1023 4316 1039 4364 l.
1062 4317 1101 4364 13.
1130 4331 1178 4378 sue
1197 4333 1218 4364 c·
1251 4313 1259 4370 ll
1291 4315 1307 4364 l.
1328 4315 1369 4364 21.
1393 4313 1585 4384 voluntariae.
1618 4315 1626 4375 q
1659 4315 1675 4364 l.
1696 4317 1737 4364 ⁶25.
1766 4311 1895 4377 debitori]
1916 4315 2080 4381 iutellipma

387 4407 525 4456 creditori.
558 4407 566 4467 ll
599 4408 614 4457 l.
635 4409 676 4456 ⁶26.
706 4423 816 4472 presens
835 4424 854 4455 c.

498 4640 526 4708 1)
552 4641 633 4696 Haec
656 4640 740 4696 verbo
764 4642 806 4696 ‹rd
826 4640 915 4714 ipsum
940 4640 1025 4714 lepras
1049 4639 1070 4694 Ι
1073 4639 1103 4704 V,
1123 4639 1187 4706 2,8
1214 4640 1341 4714 relcpare
1365 4637 1502 4694 vitientur.
1596 4637 1626 4706 2)
1653 4636 1703 4709 Os.
1723 4638 1876 4695 Iustiniani
1898 4639 1973 4696 Nou
1988 4640 2037 4708 74,

384 4768 434 4822 pr.
455 4748 481 4803 1.
502 4749 537 4806 2:
560 4747 611 4816 89,
632 4747 733 4814 1—3;
757 4746 920 4804 cassiodori
943 4746 1011 4802 Ver.
1036 4745 1098 4814 VII,
1118 4745 1167 4801 40.
1208 4745 1242 4800 A.
1265 4743 1423 4812 Gartdensi,
1445 4743 1504 4800 ‘Ua
1523 4743 1620 4800 antica
1639 4745 1851 4820 cotrrpilazioaa'
1867 4766 1901 4820 p.
1921 4747 1983 4802 159
1997 4767 2038 4822 sq.

391 4855 420 4923 3)
455 4853 502 4925 Qf.
530 4854 563 4908 L.
589 4853 669 4908 lietu.
694 4853 750 4909 Vis.
778 4853 808 4910 G.
837 4852 885 4908 l't.
911 4853 931 4908 I
934 4852 965 4922 V,
992 4853 1021 4922 6,
1051 4855 1061 4906 l
1099 4873 1157 4908 curu
1183 4849 1427 4925 brtrrprctatione,
1459 4852 1501 4907 ud
1522 4870 1606 4926 qrtom
1630 4851 1680 4908 lroc
1710 4859 1796 4927 caput
1824 4852 1960 4927 scrqrtrnu
1992 4863 2038 4922 est,

389 4969 419 5017 a!
441 4960 550 5035 opinor.
644 4961 673 5028 4)
704 4958 796 5016 Indici
820 4978 876 5034 per
901 4959 1069 5015 solatiandum
1094 4957 1192 5014 iniuste
1215 4956 1351 5013 irulr'ccmti
1373 4956 1456 5012 aliter
1479 4965 1562 5033 atquc
1586 4958 1614 5014 in
1638 4959 1696 5034 lepc
1726 4958 1844 5033 arttiqna
1874 4959 1916 5028 ΙΙ,
1946 4961 1973 5030 1,
1999 4959 2081 5015 2112>

387 5087 481 5142 poena
505 5066 659 5142 quadrupli
681 5066 828 5130 stabtibn·;
858 5065 897 5137 (f.
924 5065 981 5122 Eu.
1007 5064 1169 5121 Tltcodem'ri
1191 5084 1214 5120 c.
1236 5063 1272 5119 2:
1295 5065 1395 5132 Iudex,
1421 5066 1444 5118 si
1467 5066 1615 5136 pecuniam
1637 5107 1643 5118 .
1672 5107 1677 5118 .
1706 5108 1711 5118 .
1737 5067 1906 5136 acceperit.
1934 5109 1941 5121 .
1969 5109 1988 5136 .,
2012 5069 2037 5122 in

391 5174 587 5245 (quadruplum,
613 5175 688 5243 qnod
712 5173 874 5227 venalitatis
897 5173 991 5227 studio
1016 5173 1137 5243 accepit,
1164 5172 1288 5226 exsolvat
1314 5211 1321 5226 .
1348 5213 1353 5224 .
1382 5213 1388 5224 .
1437 5170 1483 5224 Dc
1513 5191 1552 5240 eo,
1584 5171 1633 5246 pati
1662 5173 1849 5227 tantummodo
1873 5193 1931 5247 per
1963 5173 2039 5250 ipae-

390 5280 513 5336 rnutimu
533 5282 577 5335 cel
598 5279 793 5354 urpliprntimu
813 5278 912 5334 iniuste
934 5277 1048 5346 iudicat,
1073 5279 1114 5334 ad
1134 5277 1223 5353 ipsam
1247 5278 1331 5353 opem
1356 5276 1550 5352 Vt'aipotlticmu
1574 5277 1730 5334 rernt'ttitur.
1823 5277 1854 5346 5)
1880 5279 1920 5348 II,
1941 5281 1970 5350 1,
1989 5280 2038 5335 21.

391 5387 422 5451 6)
459 5387 522 5442 Hoc
556 5395 642 5460 captat
669 5386 800 5456 sortasse
834 5386 1023 5460 supplemento
1055 5393 1117 5440 crat
1150 5385 1204 5461 lapi
1232 5383 1380 5459 cautequae,
1417 5383 1461 5439 rui
1492 5383 1719 5441 Ultr'udusrindur
1751 5404 1831 5441 stratu
1862 5384 1908 5456 ΙΙ,
1938 5387 1970 5455 l,
2002 5389 2037 5442 lt

390 5493 533 5550 arrbstitnr't.
581 5493 624 5560 Id,
650 5493 726 5567 quod
751 5492 795 5548 tic
819 5491 1001 5561 corratituitur,
1033 5501 1062 5548 at
1085 5500 1235 5548 contumace
1259 5499 1301 5546 ter
1318 5492 1439 5561 feretro
1469 5498 1618 5548 carricentur
1642 5511 1699 5566 per
1727 5491 1892 5548 rotrardum
1924 5513 2039 5550 reznam
2057 5505 2081 5544 ⁴5

386 5600 502 5674 perdat.
535 5599 662 5656 erraverit
684 5618 742 5654 carru
768 5598 906 5656 Rorumris
930 5597 1040 5674 lepidus,
1073 5619 1160 5674 raeque
1191 5618 1255 5655 uero
1286 5618 1344 5653 cum
1376 5596 1567 5674 Visipotlricr's;
1596 5597 1622 5654 si
1650 5605 1741 5654 tarrrcu
1773 5619 1808 5654 aar
1833 5596 2042 5658 Clrr'ndzasviudi

391 5709 450 5781 [epe
474 5707 507 5762 de
530 5705 685 5782 antiquiori
707 5705 852 5780 dqterditn
877 5705 1062 5762 carucatarum
1085 5705 1191 5777 sarcre
1214 5706 1283 5762 liert.
1377 5705 1407 5772 l)
1434 5703 1482 5776 Cf
1509 5703 1566 5760 Ed.
1590 5704 1724 5761 Theodcr.
1750 5724 1773 5760 c.
1797 5705 1868 5760 131.
