4432 6232
452 333 516 396 204
991 339 1070 394 LEX
1094 338 1398 395 VlSlGOTHORUll
1421 339 1472 404 lv,
1491 335 1520 404 5,
1538 337 1573 392 6.

297 527 389 606 md,
403 521 654 591 annesae.
718 537 806 606 Esus]
838 527 926 614 quod
953 526 1008 591 lex
1037 529 1101 591 ista
1128 525 1332 608 conderetur,
1363 526 1397 589 in
1427 524 1489 589 hoc
1519 525 1616 609 ipsut,
1648 522 1736 609 quod
1765 523 1884 609 rapuit,
1915 523 2109 592 tricennium

718 657 784 699 non
815 633 975 720 implevit,
1006 656 1074 698 rem
1105 635 1226 720 ipsam,
1256 655 1319 718 que
1350 631 1459 696 ablata
1490 641 1553 712 est,
1585 631 1655 694 sine
1684 629 1794 716 aliqua
1825 630 2047 694 satisfactione
2076 632 2107 693 in

686 727 689 836 ξ
720 743 808 806 omni
831 742 1018 826 integritate
1043 739 1192 820 ecclesie,
1218 741 1271 804 cui
1294 748 1412 803 testata
1435 749 1493 820 θεῖ,
1520 738 1699 802 reformare
1731 747 1876 822 cogatur.
1932 737 2003 800 Iam
2032 759 2106 800 vero

624 899 626 902 -
687 851 689 928 ἰ
720 873 740 914 a
764 849 816 914 die
840 848 935 913 buius
959 847 1023 914 late
1046 847 1128 932 legis
1152 845 1204 910 vel
1228 825 1373 932 tempore
1397 846 1594 932 quicumque
1618 844 1808 931 pontificum
1834 843 1874 908 de
1906 843 1967 924 his,
1999 866 2060 930 que
2089 867 2107 907 a

688 949 689 1026 l
719 955 870 1020 fidelibus
901 956 935 1018 in
965 954 1031 1018 Dei
1066 952 1214 1018 ecelesiis
1249 963 1368 1016 testata
1402 952 1455 1016 vel
1490 951 1619 1016 conlata
1654 973 1725 1014 esse
1761 961 1950 1033 noscuntur,
1988 950 2133 1036 aliquids

688 1051 690 1148 ]
721 1061 841 1126 exinde
876 1059 1047 1125 abstulerit
1081 1081 1205 1147 suoque
1239 1061 1302 1124 iuri
1333 1058 1386 1123 vel
1421 1058 1558 1123 ecclesie
1593 1055 1767 1145 principali
1802 1055 2020 1144 applicaverit
2053 1081 2105 1122 seu

688 1153 690 1232 l
722 1170 916 1254 cuicumque
946 1189 1084 1254 persone
1116 1165 1261 1253 quolibet
1290 1165 1387 1230 modo
1417 1165 1645 1252 quodcumque
1676 1161 1740 1228 tale
1771 1165 1987 1246 concesserit,
2023 1164 2106 1228 nulla

688 1255 691 1340 l
721 1287 903 1361 temporum
926 1272 1125 1358 longevitate
1150 1295 1294 1354 securus,
1318 1273 1411 1337 iuxta
1432 1273 1626 1359 premissum
1650 1271 1808 1354 ordinem,
1836 1271 2104 1358 quandocumque

689 1447 691 1494 ,
722 1393 754 1445 et
776 1403 836 1467 per
860 1403 1098 1467 quemeumque
1121 1379 1200 1444 talia
1222 1378 1320 1444 fuerit
1344 1380 1544 1443 commisisse
1571 1377 1728 1460 detectus,
1760 1399 1799 1441 ea
1829 1379 1912 1465 ipsa,
1946 1401 2009 1465 que
2038 1402 2104 1466 pre-

689 1495 691 1565 ]
722 1489 869 1574 sumpsit,
894 1509 959 1551 una
982 1510 1056 1552 cum
1080 1486 1226 1572 legitima
1250 1485 1472 1550 satisfactione
1495 1486 1544 1548 rei
1566 1486 1697 1572 proprie
1721 1483 1767 1552 illi
1791 1485 1942 1567 ecclesie,
1967 1486 2020 1550 oui
2040 1485 2105 1549 tulit
2121 1511 2141 1548 a

689 1581 691 1710 ,
722 1595 773 1658 vel
798 1596 832 1658 in
856 1617 954 1680 quam
979 1593 1124 1679 deliquit,
1149 1592 1326 1656 reformare
1351 1591 1516 1677 cogendus
1541 1601 1599 1656 est.
1641 1590 1738 1672 Quod
1754 1592 1781 1655 si
1797 1591 1838 1655 de
1854 1591 1955 1656 rebus
1970 1594 2104 1679 propriis

689 1727 691 1778 ς
722 1725 787 1766 non
811 1701 963 1765 babuerit
984 1699 1071 1764 unde
1095 1711 1267 1786 conponat,
1293 1711 1324 1763 ct
1351 1700 1496 1764 inomni
1525 1699 1712 1784 integritate
1736 1720 1785 1780 ea,
1810 1720 1873 1784 que
1903 1703 2104 1786 presumpsit,

689 1826 691 1884 l
723 1809 872 1891 ecclesie,
897 1809 950 1872 etri
973 1807 1055 1886 tulit,
1079 1807 1237 1886 restituat,
1263 1817 1295 1870 et
1324 1807 1394 1892 ipse
1425 1828 1484 1892 pro
1513 1803 1703 1870 excessibus
1732 1805 1799 1870 suis
1829 1806 1923 1870 iuxta
1954 1829 2105 1871 canonem

689 1891 691 1970 l
723 1915 872 1980 Toletani
897 1913 1027 1979 concilii
1049 1912 1235 1978 undecimi¹
1260 1913 1606 1977 excommunicationis
1630 1911 1822 1998 plectendus
1854 1914 1915 1977 erit
1940 1916 2103 1996 sententia,

689 2015 691 2052 ⁸
722 2022 838 2105 idest,
863 2033 907 2104 ut,
940 2023 966 2086 si
997 2021 1111 2085 decem
1143 2019 1263 2084 solidos
1292 2042 1361 2083 rem
1392 2020 1507 2105 ipsam,
1538 2041 1636 2105 quam
1666 2017 1748 2097 tulit,
1778 2019 1888 2083 valere
1920 2023 2104 2104 constiterit,
2122 2041 2141 2080 u

722 2144 768 2193 xx
799 2129 925 2194 dierum
956 2129 1133 2215 penitentie
1164 2127 1384 2190 satisfactione
1409 2125 1587 2190 admissum
1610 2125 1738 2190 facinus
1761 2125 1969 2212 expurgabit.
2018 2127 2104 2193 Simi-

689 2263 691 2318 3
721 2235 805 2317 liter,
830 2237 899 2300 sive
927 2236 1060 2300 maioris
1091 2235 1160 2298 sive
1190 2234 1323 2298 minoris
1354 2234 1396 2296 sit
1425 2234 1521 2319 pretii
1552 2231 1640 2319 quod
1669 2235 1915 2319 presumpserit,
1947 2236 2105 2319 geminata

689 2333 691 2401 l
721 2342 783 2407 hoc
808 2365 938 2428 semper
962 2341 1087 2406 dierum
1111 2340 1333 2405 satisfactione
1357 2339 1408 2403 vel
1436 2341 1617 2426 penitentia
1648 2339 1843 2407 emendabit.
1898 2340 2003 2406 Simili
2034 2365 2105 2429 quo-

689 2425 691 2540 ]
722 2472 785 2535 que
818 2460 849 2513 et
879 2449 932 2513 ille
964 2449 1127 2513 sententia
1156 2447 1209 2512 vel
1239 2446 1359 2510 damno
1390 2445 1575 2511 multandus
1606 2457 1668 2529 est,
1704 2448 1764 2533 qui
1790 2469 1811 2512 a
1846 2447 2018 2513 decessore
2054 2473 2106 2514 suo

688 2555 691 2646 ]
722 2555 832 2620 ablata
856 2555 1012 2642 deinceps
1036 2577 1240 2642 quecumque
1266 2553 1306 2618 de
1331 2553 1513 2617 diocesanis
1538 2553 1687 2618 ecclesiis
1712 2553 1800 2641 apud
1830 2577 1864 2618 se
1897 2565 2008 2620 tenere
2040 2579 2106 2643 pre·
2123 2579 2152 2616 sa

689 2647 691 2754 ζ
722 2665 905 2750 sumpserit.
960 2663 1166 2749 Quicumque
1196 2673 1306 2726 tamen
1341 2661 1484 2725 iudicum
1519 2672 1665 2726 tenorem
1695 2661 1776 2747 legis
1806 2661 1901 2726 buius
1933 2662 2107 2750 adimplere

689 2755 691 2830 l
722 2770 914 2856 neglexerit,
939 2769 1026 2856 quod
1051 2780 1107 2833 aut
1130 2768 1275 2833 iudicare
1300 2767 1379 2832 talia
1402 2766 1531 2831 differat
1554 2778 1611 2832 aut
1634 2768 1811 2832 iudicanda
1833 2771 1921 2856 regis
1946 2769 2106 2835 auditibus

689 2891 691 2972 j
721 2877 809 2941 nullo
827 2876 930 2942 ‘modo
954 2879 1145 2956 innotescat,
1171 2898 1299 2940 omnem
1324 2877 1372 2939 rei
1395 2877 1605 2957 taxationem,
1630 2897 1728 2962 quarn
1752 2877 1926 2963 episcopus
1952 2876 2006 2941 ille
2038 2901 2107 2966 per-

688 2979 691 3104 ]
722 2983 848 3048 solvere
880 2983 1002 3066 debuit,
1034 2985 1089 3070 qui
1121 2983 1200 3047 talia
1229 2981 1354 3064 fecerit,
1386 2993 1454 3046 tota
1483 2981 1621 3046 ecclesie
1653 2981 1700 3046 illi
1730 2982 1771 3047 de
1802 3006 1861 3048 sua
1890 2983 1979 3049 idem
2010 2985 2108 3050 iudex

689 3105 691 3154 l
721 3091 919 3177 proprietate
955 3089 1089 3154 debebit
1119 3112 1319 3176 conponere,
1356 3091 1447 3154 cuius
1478 3099 1667 3154 accusatum
1698 3088 1761 3154 sibi
1791 3093 1958 3176 negotium
1988 3092 2109 3158 destitit
2124 3113 2146 3152 a

689 3187 690 3266 l
721 3198 877 3263 iudicare.
925 3198 997 3262 Hoc
1021 3199 1120 3283 igitur
1142 3197 1196 3261 lex
1219 3218 1285 3260 nou
1309 3196 1412 3260 solum
1435 3219 1494 3282 pro
1518 3194 1627 3278 rebus,
1652 3219 1715 3283 que
1739 3199 1773 3261 in
1790 3197 1938 3262 eeclesiis
1955 3198 2108 3265 absolutis

688 3273 691 3384 l
721 3305 774 3369 vel
814 3305 997 3370 diocesanis
1037 3303 1163 3369 conlate
1203 3314 1291 3386 sunt,
1331 3302 1567 3386 observabitur,
1607 3304 1665 3368 sed
1700 3304 1760 3369 sub
1799 3305 1945 3391 generali
1980 3309 2108 3373 nomine

687 3413 691 3496 ]
722 3413 864 3476 omnium
896 3411 1118 3494 ecclesiarum,
1154 3410 1188 3474 id
1219 3421 1278 3492 cst,
1313 3420 1379 3474 tam
1410 3412 1443 3474 in
1473 3413 1678 3475 monasteriis
1709 3412 1852 3476 virorum
1883 3435 1981 3499 quam
2014 3417 2107 3479 etiam

562 3615 690 3674 luae.
727 3615 743 3664 l.
759 3616 782 3662 1.
800 3608 884 3677 quod]
904 3613 942 3662 ita
961 3611 993 3662 Ε.
1013 3613 1117 3672 Vim
1137 3627 1190 3676 quo
1211 3611 1267 3661 Va.
1287 3613 1312 3660 3.
1330 3611 1384 3661 alii.
1422 3605 1504 3677 ipsut]
1516 3611 1553 3662 ita
1566 3611 1626 3664 132.
1641 3612 1835 3678 l'l;ipsudE
1844 3616 1866 3664 Ι.
1882 3613 2043 3680 Vl;ipsum
2056 3616 2108 3666 atti.

455 3699 694 3768 quod]bocE1.
722 3702 729 3762 l]
756 3703 772 3754 l.
787 3705 810 3752 2.
831 3697 927 3764 satist]
948 3702 1130 3752 excusacione
1151 3701 1214 3761 1⁷23
1234 3700 1419 3751 retardatione
1440 3701 1463 3750 V
1472 3703 1496 3750 4.
1517 3702 1540 3751 8.
1571 3700 1580 3762 ΙΙ
1609 3702 1626 3752 l.
1640 3704 1664 3752 3.
1684 3697 1796 3765 testata]
1817 3702 1854 3752 ita
1874 3702 1935 3753 ΕΙ.
1955 3704 1981 3752 V
1990 3707 2019 3766 'l;
2041 3711 2109 3756 testa
2126 3721 2148 3758 so

455 3793 529 3854 ΕΙ,
556 3799 738 3842 testatores
765 3791 880 3840 1⁷1—5.
922 3789 930 3850 i]
971 3791 988 3840 l.
1008 3792 1032 3840 t.
1061 3783 1226 3855 pontificum]
1251 3787 1306 3838 vel
1337 3785 1408 3850 (aut
1434 3789 1458 3838 V
1473 3787 1499 3852 8)
1529 3788 1683 3840 aliorum
1708 3791 1886 3843 hominum
1911 3793 1973 3843 add.
1997 3795 2060 3844 Vs.
2085 3797 2109 3846 8.

454 3873 882 3943 1.5.conlata]couoeamt’2.
913 3879 922 3940 l]
952 3879 968 3928 l.
983 3879 1006 3928 6.
1029 3880 1088 3928 iure
1108 3877 1170 3928 ΕΙ.
1226 3877 1407 3948 applicaverit
1426 3878 1495 3940 Ε1;
1522 3878 1703 3944 adplicsberit
1722 3880 1749 3930 Ε
1759 3883 1783 3931 2.
1814 3882 1822 3938 ll
1852 3883 1907 3932 Η.
1931 3880 2108 3949 concesserit]

454 3971 625 4021 consenserit
644 3970 701 4020 Va.
732 3967 741 4027 l]
771 3969 825 4018 1.9.
846 3963 1081 4032 fuerit]fuitV1.
1119 3969 1177 4032 ipse
1197 3967 1225 4016 Ε
1235 3969 1260 4018 2.
1290 3966 1298 4027 ]]
1328 3967 1477 4018 l.10.‘una
1497 3993 1528 4002 -
1548 3967 1588 4018 iili
1607 3969 1658 4019 des.
1678 3968 1741 4019 El·
1777 3971 1932 4021 satisfactio
1952 3971 2010 4022 Vl.
2048 3991 2108 4039 pro-

453 4062 511 4125 prie
531 4053 583 4122 illi]
602 4056 728 4124 proprilli
747 4057 775 4107 E
785 4059 815 4119 23
835 4057 884 4107 des.
906 4056 967 4107 ΕΙ.
1013 4051 1087 4119 tulit]
1109 4055 1222 4106 abstulit
1240 4057 1264 4104 1⁷
1273 4059 1297 4106 4.
1326 4057 1335 4118 ΙΙ
1364 4058 1381 4108 l.
1403 4060 1444 4108 11.
1471 4054 1596 4123 deliquit]
1616 4057 1758 4125 delinquid
1777 4059 1804 4108 Ε
1814 4062 1844 4120 2;
1865 4059 1989 4126 deliquid
2008 4062 2066 4113 Vi.
2086 4066 2108 4114 l.

454 4155 570 4213 cogatur
588 4148 645 4198 Va
669 4147 677 4207 l]
701 4149 717 4197 l.
734 4148 774 4197 12.
795 4154 821 4197 et
839 4147 905 4196 dcem
923 4147 980 4196 1⁷1.
1004 4145 1013 4206 l]
1036 4147 1109 4196 l.13.
1129 4141 1201 4209 tulit]
1222 4145 1335 4196 abstulit
1353 4147 1410 4196 1⁷4.
1432 4141 1534 4228 ,iuxts]
1554 4150 1626 4198 iusta
1645 4147 1708 4198 En
1728 4148 1752 4196 V
1761 4151 1784 4200 7.
1808 4149 1816 4206 ll
1840 4150 1856 4199 l.
1872 4151 1912 4199 15.
1932 4151 1960 4200 id
1981 4147 2032 4216 est]
2047 4153 2108 4204 ideo
2126 4165 2150 4205 tt

454 4237 515 4287 ΕΙ.
554 4235 648 4288 solidis
668 4236 730 4286 Ea.
752 4237 808 4286 V'l.
846 4253 888 4286 res
907 4237 981 4301 ipses
1002 4236 1058 4286 1'2.
1098 4236 1271 4284 constituerit
1291 4234 1352 4284 El.
1383 4235 1392 4296 ]]
1421 4237 1437 4285 l.
1458 4238 1498 4286 16.
1521 4238 1682 4304 expurgavit
1701 4237 1762 4288 ΕΙ.
1784 4239 1846 4300 1⁷73
1867 4240 1989 4303 expiavit
2007 4241 2066 4291 1⁷4.
2085 4244 2108 4292 8.

455 4324 637 4376 Similiter-
657 4321 718 4388 boc]
738 4326 768 4374 Si
788 4342 852 4375 vero
872 4326 983 4375 maioris
1003 4327 1061 4375 sive
1081 4325 1192 4375 minoris
1212 4325 1372 4389 quantitatis
1393 4327 1479 4390 precii
1499 4325 1570 4390 quod
1589 4328 1736 4392 presumsit
1753 4329 1892 4391 geminata
1911 4327 2039 4380 similiter
2056 4331 2108 4383 hoc

461 4415 516 4465 l'2.
547 4414 555 4474 l]
585 4416 602 4466 l.
624 4417 664 4466 17.
690 4417 726 4464 sit
744 4416 830 4481 precii
849 4415 906 4464 sive
926 4416 1037 4465 minoris
1057 4414 1081 4464 V
1091 4417 1114 4464 1.
1145 4413 1153 4472 l]
1183 4414 1199 4466 l.
1222 4414 1261 4463 18.
1288 4413 1503 4464 satisfactionem
1531 4416 1650 4480 dedugat
1674 4431 1708 4466 ne
1735 4421 1791 4466 n'on
1816 4423 1921 4468 tantum
1940 4416 1985 4468 vel
2004 4437 2031 4485 p.
2052 4420 2108 4471 Vs.

453 4502 495 4553 vel
515 4499 675 4570 penitentia]
696 4503 739 4554 vel
760 4504 910 4569 penitentie
930 4503 958 4553 E
968 4506 999 4564 23
1019 4504 1173 4569 penitencie
1194 4502 1249 4552 Vs.
1280 4501 1288 4560 l]
1318 4503 1334 4553 l.
1357 4505 1399 4553 19.
1425 4521 1441 4553 a
1461 4499 1615 4567 decessore]
1635 4520 1778 4555 accessore
1797 4523 1861 4555 corr.
1880 4523 1896 4556 a
1916 4516 2026 4559 cessere
2046 4509 2074 4558 Ε
2084 4512 2107 4559 2.

453 4608 504 4642 ειιθ
523 4593 589 4643 deest
607 4594 664 4642 Va.
694 4590 703 4652 l]
733 4591 806 4643 ΗΟ.
826 4587 1008 4657 quecumque]
1028 4607 1227 4657 quamcumque
1247 4608 1303 4642 rem
1323 4593 1379 4642 1⁷2.
1430 4589 1473 4656 de]
1492 4593 1559 4643 deest
1577 4593 1639 4643 ΕΙ.
1659 4593 1722 4656 Vm
1743 4610 1759 4644 a
1778 4594 1835 4644 Vl.
1855 4597 1880 4645 5.
1910 4593 1919 4654 l]
1949 4597 1965 4646 l.
1980 4599 2023 4647 21.
2043 4599 2149 4659 Qui-to

454 4678 580 4746 cumque]
601 4683 654 4743 Qui
674 4699 736 4732 cum
756 4679 822 4731 1'1.
842 4683 851 4740 l]
881 4683 954 4731 l·22·
974 4675 1055 4745 quod]
1074 4697 1127 4746 quo
1149 4680 1204 4730 172.
1225 4679 1293 4730 Pius.
1342 4683 1425 4746 regiis
1445 4681 1508 4732 ΕΙ.
1538 4683 1547 4744 Η
1577 4683 1649 4733 l.24.
1669 4678 1725 4747 qui]
1745 4691 1804 4733 aut
1823 4682 1919 4735 alius
1939 4687 1987 4749 qui
2006 4686 2063 4736 Vs.
2083 4690 2107 4737 8.

453 4777 539 4821 totum
559 4772 615 4822 Va.
639 4769 648 4832 ΙΙ
672 4773 688 4822 l.
702 4773 743 4821 25.
763 4773 957 4837 proprietatem
977 4769 1038 4819 El.
1077 4765 1246 4834 θθθιιεεῖιιηι]
1267 4776 1407 4820 causatum
1425 4772 1615 4822 cosmatmaa.
1634 4779 1791 4823 acausatum
1812 4772 1873 4823 Ea.
1911 4774 2106 4826 destituit'l'l.

564 4951 593 5022 1)
620 4951 704 5010 Coae.
728 4953 812 5008 Τοῐθῖ.
834 4951 888 5008 ΧΙ.
913 4971 977 5008 cau.
997 4951 1033 5008 5.-
1057 4970 1109 5007 ucc
1135 4953 1208 5007 enim
1232 4953 1336 5008 iustum
1360 4961 1414 5022 est,
1441 4996 1447 5008 .
1474 4994 1481 5009 .
1507 4994 1515 5009 .
1538 4961 1570 5008 ut
1585 4972 1637 5026 pro
1654 4953 1816 5010 excessibus
1831 4956 1930 5010 talium
1947 4956 1997 5026 (sc.
2012 4977 2106 5014 sacer·

454 5057 558 5129 dotum)
583 5059 737 5114 satisfactio
762 5061 797 5114 ab
822 5059 949 5115 ecclesiis
974 5059 1103 5130 exigatur
1119 5039 1134 5112 Ι.
1162 5101 1169 5114 .
1196 5100 1203 5115 .
1228 5061 1294 5132 ΙΙ)θ
1319 5062 1423 5117 talibus
1448 5079 1515 5134 crgo
1539 5061 1646 5132 placuit
1669 5059 1799 5130 definire,
1826 5064 1884 5144 qui,
1903 5063 1988 5118 nullis
2004 5064 2106 5120 habitis

454 5169 539 5222 rebus
561 5167 691 5238 propriis,
717 5175 766 5222 aut
789 5168 817 5221 in
842 5184 1018 5238 quocumque
1042 5185 1211 5237 pervasores
1236 5168 1385 5223 extiterint
1408 5177 1457 5224 aut
1480 5169 1656 5240 quibuslibet
1677 5171 1806 5240 personis
1831 5172 1936 5226 caedes
1952 5171 1999 5225 vel
2018 5173 2106 5244 quod·
2124 5189 2149 5230 sa

454 5291 574 5346 cumque
596 5275 833 5345 praesumptionis
856 5274 1015 5341 intulerint,
1042 5314 1049 5328 .
1076 5314 1083 5328 .
1109 5314 1116 5327 .
1142 5275 1220 5328 iuxta
1243 5276 1318 5345 quod
1342 5277 1581 5347 praesumptiosus
1606 5277 1733 5347 quisquis
1763 5276 1811 5332 ille
1843 5278 1982 5344 extiterit,
2014 5281 2056 5334 ita
2079 5288 2111 5334 et·

453 5382 649 5452 poenitentiae
673 5382 784 5452 legibus
808 5382 983 5450 subiacebit3
1009 5381 1036 5434 id
1062 5389 1116 5449 est,
1142 5381 1165 5434 si
1188 5381 1217 5434 in
1240 5381 1267 5434 X
1292 5382 1443 5436 solidorum
1466 5397 1607 5438 summam
1623 5389 1821 5455 praesumptor
1840 5402 1903 5440 esse
1920 5387 2106 5454 convincitur,

454 5489 512 5542 XX
535 5489 644 5543 dierum
666 5489 863 5559 poeniteutiae
883 5481 1087 5543 satisfactione
1118 5494 1267 5558 purgetur,
1298 5485 1339 5544 ita
1365 5495 1419 5558 ut,
1439 5490 1498 5544 sive
1529 5490 1641 5544 minoris
1672 5491 1730 5545 sive
1761 5491 1882 5546 maioris
1902 5495 2027 5549 summae
2060 5503 2106 5548 ex·

455 5614 564 5678 cessum
587 5595 744 5667 peregerit,
777 5595 905 5650 similiter
927 5595 1072 5666 geminata
1102 5593 1154 5648 hoc
1185 5612 1297 5666 semper
1327 5597 1527 5651 satisfactione
1551 5578 1746 5674 poenitentiae
1777 5584 1986 5678 recompenset.
2036 5597 2107 5656 Con-

453 5701 545 5757 cilium
567 5700 639 5757 illud
653 5700 822 5774 prouinciae
839 5699 1082 5776 Cbrtlsepiniensis
1099 5698 1204 5773 pascois
1225 5701 1389 5775 septimanis
1410 5711 1477 5760 ante
1500 5705 1584 5779 tepens
1608 5712 1733 5760 nostrum
1757 5705 1845 5762 latam
1868 5675 2035 5763 celebratam
2055 5679 2105 5770 ¹est.
2123 5725 2150 5765 so
