4478 6246
392 359 453 422 106
937 365 1016 422 LEX
1040 363 1344 422 VISIGOTHORUM
1366 360 1453 430 11,5,
1473 362 1502 416 1.

249 633 288 702 ΙΙ,
301 631 330 703 6,
343 632 370 688 1.
390 631 497 703 Boea]
779 634 804 688 1.

476 739 645 797 FLAVIUS
670 739 990 797 CHINDASVINDUS
1013 739 1104 794 REX.

391 855 546 938 Quales
580 854 763 920 debeant
795 856 1006 942 scripture
1036 853 1190 919 valere.

436 980 603 1067 Scripture
612 985 633 1063 1,
650 1003 713 1067 que
730 980 817 1045 diem
834 990 867 1044 et
882 1003 1004 1044 sunum
1019 977 1192 1044 habuerint

390 1088 561 1154 evidenter
583 1109 774 1172 expressum
791 1085 898 1173 cdque
914 1085 1094 1151 secuudum
1110 1085 1191 1170 legis

390 1195 538 1274 ordinem
562 1195 744 1280 conscripte
775 1203 961 1275 noscuntur,
993 1214 1050 1256 seu
1081 1192 1191 1258 eondi-

389 1302 467 1367 toris
489 1300 542 1366 vel
565 1301 694 1364 testium
719 1301 840 1365 fuerint
856 1300 957 1386 signis
980 1307 1036 1363 sut
1051 1299 1191 1386 suscrip-

390 1399 533 1474 tionibus
556 1404 718 1488 roborate,
743 1408 830 1472 omni
853 1404 1036 1471 habeantur
1059 1403 1191 1470 stabiles

389 1515 551 1580 firmitate.

448 3603 487 3663 11,
509 3604 533 3662 5,
558 3603 581 3650 1.
630 3600 706 3652 Codd.
735 3600 760 3650 B
783 3603 806 3650 l.
835 3601 859 3652 2.
888 3625 921 3634 -
950 3601 967 3651 l.
990 3602 1014 3650 2.
1041 3600 1194 3650 OHINDA·

395 3684 565 3753 SVINDUS]
586 3689 623 3740 ita
641 3689 709 3752 Η2;
730 3689 824 3740 CNDS
845 3689 869 3738 ΙΙ
884 3691 907 3739 1.
937 3686 946 3748 i]
976 3691 992 3740 l.
1013 3692 1037 3738 4.
1064 3683 1127 3753 quc]
1147 3690 1194 3754 qui

397 3781 456 3830 Hl.
488 3777 497 3839 ΙΙ
529 3781 545 3830 l.
566 3781 590 3829 6.
617 3780 772 3830 conditores
790 3777 853 3828 ΕΙ.
885 3777 894 3837 ΙΙ
926 3779 942 3828 l.
963 3781 987 3828 6.
1013 3776 1111 3828 stabile
1132 3777 1193 3827 112.

394 3871 411 3921 ἱ.
425 3872 449 3920 9.
468 3868 622 3920 firmitatem
641 3869 666 3920 B
678 3870 703 3918 2.

1245 629 1334 699 nm]
1632 628 1656 682 1.

1300 865 1435 928 Quales
1462 866 1619 916 debeant
1646 864 1832 929 scripture
1857 863 1993 915 valere.

1291 991 1442 1057 Scriptura,
1467 1005 1520 1055 qus
1543 990 1616 1040 diem
1640 995 1667 1039 et
1692 1003 1794 1039 sunum
1819 988 1965 1040 habuerint
1991 991 2045 1038 eri·

1247 1099 1344 1149 denter
1363 1111 1521 1163 expressum
1543 1103 1624 1162 atque
1650 1096 1800 1147 secundum
1828 1094 1896 1162 legis
1922 1095 2077 1147 ordinemo

1247 1205 1401 1272 conscripto
1427 1209 1587 1263 noscuntur,
1612 1219 1662 1254 seu
1687 1202 1838 1253 conditoris
1862 1201 1907 1254 vei
1934 1203 2046 1252 testium

1247 1312 1349 1362 fuerint
1373 1312 1460 1376 siguis
1482 1287 1531 1362 eut
1555 1311 1784 1376 suscriptionibus
1810 1311 1947 1371 roborate,
1974 1313 2045 1362 omui

1246 1418 1399 1469 habeantur
1420 1417 1534 1469 stabiles
1557 1417 1693 1468 firmitate.
1732 1403 1837 1468 Simili
1861 1425 1991 1490 quoque
2015 1413 2047 1468 et

1246 1509 1300 1576 ille
1324 1511 1483 1598 scripture
1506 1509 1617 1575 valore
1641 1509 1848 1593 constabunt,
1879 1533 1962 1596 quas
1984 1512 2045 1575 etsi

1245 1629 1360 1682 suctor
1382 1616 1565 1682 suscribere
1582 1617 1764 1703 egritudine
1786 1616 1965 1682 obsistente
1980 1639 2045 1681 non
2064 1637 2089 1675 ιο

1245 1723 1357 1805 valuit,
1381 1725 1415 1787 in
1439 1725 1485 1789 eis
1505 1735 1614 1788 tamen
1638 1724 1694 1810 qui
1717 1724 1931 1812 suscriptores
1952 1746 2044 1789 acoe-

1246 1830 1360 1896 derent
1382 1828 1569 1917 postulabit,
1594 1830 1706 1917 sicque
1727 1830 1977 1917 suscriptionem
1993 1830 2045 1895 vei

1246 1939 1374 2024 signum
1404 1937 1447 2002 ad
1470 1937 1576 2002 vicem
1605 1936 1692 2002 illius
1722 1939 1863 2004 auctoris
1894 1936 1958 2021 ille,
1990 1939 2046 2024 qui

1246 2056 1296 2109 est
1327 2055 1476 2129 rogatus,
1510 2045 1715 2131 inpresserit,
1747 2044 1810 2109 hoc
1838 2054 1966 2110 tantum
1997 2054 2046 2108 est

1247 2149 1497 2234 observandum,
1528 2162 1563 2216 ut
1586 2153 1613 2216 si
1638 2151 1786 2216 conditor
1807 2151 1920 2216 talium
1945 2151 2045 2238 scrip·
2065 2173 2088 2211 rs

1246 2268 1390 2323 turarum
1407 2258 1447 2323 de
1463 2258 1525 2323 hac
1541 2260 1614 2345 ipss
1630 2258 1822 2345 egritudine,
1839 2281 1906 2345 qua
1921 2257 2045 2324 detine-

1246 2364 1352 2449 batur,
1382 2364 1572 2448 reveluerit,
1603 2365 1631 2428 si
1661 2365 1722 2430 hoc
1752 2365 1863 2453 ipsud,
1894 2365 1983 2451 quod
2013 2366 2045 2429 in

1246 2469 1432 2537 huiusmodi
1455 2471 1623 2559 seripturis
1646 2472 1787 2553 testavit,
1817 2471 1947 2536 firmum
1975 2494 2046 2536 esse

1247 2578 1395 2661 voluerit,
1419 2601 1518 2642 manu
1541 2601 1601 2643 sua
1623 2578 1702 2643 illud
1719 2577 1814 2643 solita
1830 2579 2046 2665 suscriptione

1247 2683 1456 2767 conroboret,
1491 2695 1524 2749 et
1558 2686 1605 2750 sic
1640 2683 1769 2772 plenem
1804 2683 1892 2772 quod
1925 2695 2046 2750 testare
2065 2705 2090 2744 ro

1246 2792 1336 2856 visus
1360 2801 1410 2856 est
1433 2789 1578 2857 obtineat
1599 2791 1794 2856 firmitatem.
1848 2791 1906 2857 Sin
1937 2803 2047 2857 sutem

1247 2898 1387 2964 eundem
1409 2907 1597 2964 testatorem
1620 2897 1661 2963 de
1685 2897 1746 2963 hac
1769 2900 1842 2985 ipsa
1862 2898 2047 2984 egritudine

1247 3006 1329 3070 mori
1353 3005 1535 3092 eontigerit,
1559 3007 1650 3070 testis
1673 3007 1754 3092 ipse,
1787 3007 1842 3092 qui
1865 3004 1908 3070 sb
1933 3028 1972 3071 eo
1997 3029 2047 3071 ro-

1247 3124 1342 3198 gatus
1372 3113 1524 3195 accessit,
1555 3113 1647 3176 iuxta
1676 3112 1773 3177 aliam
1804 3112 1933 3199 legem²
1961 3113 2049 3177 infra

1248 3242 1307 3284 sex
1344 3241 1473 3284 menses
1514 3221 1691 3306 suscriptas
1730 3242 1750 3284 s
1792 3241 1826 3284 se
1868 3221 2047 3306 scripturas
2066 3242 2090 3280 ss

1248 3325 1401 3391 roborare
1426 3325 1562 3391 curabit.

1301 3599 1339 3659 11,
1359 3599 1383 3658 5,
1405 3601 1428 3649 l.
1474 3599 1551 3650 etde
1571 3598 1633 3648 El.
1653 3599 1677 3649 2.
1697 3598 1754 3649 Vl.
1773 3600 1798 3649 2.
1818 3602 1843 3650 3.
1863 3603 1887 3650 4.
1910 3601 1935 3650 5.
1958 3601 1983 3651 6.
2012 3597 2048 3662 (6.

1250 3689 1353 3739 1517.
1375 3685 1429 3749 19).
1462 3711 1492 3721 -
1525 3689 1541 3738 l.
1564 3690 1586 3737 l.
1612 3683 1635 3750 I]
1658 3687 1823 3738 NOVITER
1846 3689 2049 3740 EMENDATA

1247 3775 1307 3827 add.
1334 3776 1396 3827 Vt.
1425 3779 1465 3828 15.
1493 3778 1539 3838 11;
1565 3777 1631 3828 FLS
1658 3775 1755 3828 CHDS
1772 3777 1846 3827 REX
1864 3778 1925 3829 add.
1945 3779 2003 3830 Vl.
2023 3781 2047 3840 5,

1247 3874 1271 3915 et
1291 3873 1349 3930 port
1368 3867 1401 3916 N.
1420 3866 1451 3916 Ε.
1471 3866 1552 3927 V173
1579 3866 1618 3916 IN
1642 3867 1759 3917 NOVIT
1782 3867 1860 3917 EMD
1885 3868 1952 3919 FLS
1979 3867 2048 3920 GLS
2066 3881 2091 3920 to

1249 3953 1346 4005 CHDS
1377 3955 1450 4005 REX
1479 3955 1540 4005 arbi.
1571 3955 1596 4004 V
1615 3956 1640 4006 6.
1684 3954 1693 4016 ΙΙ
1736 3956 1753 4006 l.
1783 3959 1807 4007 3.
1845 3956 1941 4018 Qualis
1973 3957 2001 4007 E
2024 3959 2047 4008 1.

1249 4044 1266 4093 l.
1280 4046 1306 4095 1.
1326 4039 1564 4111 suscriptionibus]
1581 4045 1619 4094 ito
1636 4043 1698 4107 Ε2,
1717 4046 1965 4112 subscriptionibus
1977 4055 2048 4106 σάω

1249 4141 1272 4182 et
1282 4133 1321 4182 ita
1331 4133 1406 4184 etiam
1417 4133 1491 4199 infra
1502 4151 1596 4200 semper
1608 4150 1695 4185 sucr-
1710 4151 1741 4185 ec
1756 4134 1808 4186 Ε2
1825 4136 1913 4200 recepi,
1931 4135 1975 4186 uhi
1994 4135 2046 4185 ΕΙ

1248 4239 1350 4287 semper,
1372 4223 1552 4288 Vplensmque
1569 4223 1677 4273 subscr·
1697 4224 1827 4289 praedmt.
1867 4227 1960 4275 omniu
1979 4225 2047 4288 Ε1;

1250 4328 1343 4362 ornnes
1362 4311 1386 4358 V
1395 4313 1419 4361 2.
1439 4311 1527 4372 Mass
1545 4313 1655 4364 omnino
1676 4312 1700 4361 V
1708 4315 1733 4363 3.
1752 4316 1777 4363 4.
1809 4314 1818 4374 i]
1849 4315 1906 4365 ts.
1928 4314 2048 4365 habeant
2067 4327 2092 4367 ro

1250 4400 1321 4450 iilud.
1365 4399 1491 4450 stsbiienr
1510 4401 1538 4451 E
1550 4403 1579 4463 13
1598 4400 1691 4452 stabili
1710 4403 1767 4452 Vs.
1811 4403 1965 4454 firmitatem
1985 4403 2048 4455 Ε2.

1249 4490 1266 4540 l.
1280 4492 1304 4540 9.
1324 4485 1427 4553 valore]
1447 4489 1539 4540 uslere
1559 4490 1586 4540 Ε
1597 4493 1621 4540 2.
1640 4490 1698 4541 Vl.
1719 4494 1764 4554 19;
1783 4491 1877 4544 volare
1897 4492 1925 4542 Ε
1936 4496 1964 4554 1,
1982 4493 2050 4544 deest

1255 4579 1312 4628 Vs.
1339 4577 1347 4639 ]]
1373 4579 1389 4627 l.
1406 4580 1446 4628 10.
1466 4580 1638 4630 conscribere
1658 4579 1715 4630 Vl.
1734 4580 1806 4631 Mad.
1829 4579 1838 4640 l]
1861 4582 1877 4632 Ι.
1893 4584 1934 4632 12.
1954 4589 2047 4648 postu-

1221 4651 1224 4748 ]
1251 4661 1328 4731 rausi]
1346 4667 1384 4718 ea
1403 4667 1443 4728 sn·
1468 4667 1619 4733 postulavit
1638 4668 1665 4717 ν.
1697 4666 1707 4727 i
1738 4669 1755 4719 ι.
1777 4672 1818 4720 13.
1842 4665 1939 4734 vicem]
1956 4671 1995 4722 sa
2014 4671 2049 4733 ν,-

1250 4757 1338 4807 hinem
1357 4756 1385 4806 Ε
1395 4759 1424 4819 2;
1445 4757 1564 4808 iudicem
1583 4756 1611 4806 Ε
1623 4759 1645 4806 1.
1669 4759 1677 4819 Η
1700 4759 1717 4809 l.
1733 4760 1773 4808 16.
1793 4759 1976 4812 detenebatur
1988 4760 2048 4810 El.
2067 4774 2093 4811 so

1250 4847 1267 4896 l.
1300 4848 1340 4899 17.
1382 4841 1473 4912 ipsud]
1504 4845 1542 4896 ita
1572 4845 1600 4895 Ε
1621 4849 1650 4908 1;
1683 4848 1756 4913 ipsut
1787 4848 1815 4896 Ε
1834 4850 1865 4909 2;
1900 4850 1989 4915 ipsum
2022 4849 2048 4899 V.

1250 4935 1266 4984 l.
1288 4937 1329 4985 18.
1355 4933 1555 4996 testabitE13
1581 4941 1697 4986 testatus
1717 4943 1759 4986 est
1779 4937 1835 4988 Vl.
1855 4940 1879 4987 4.
1902 4940 1926 4988 5.
1953 4940 1978 4988 8.
2006 4941 2047 4989 15.

1249 5025 1267 5074 1.
1288 5026 1329 5074 19.
1358 5040 1452 5074 manus
1477 5039 1527 5074 sue
1553 5024 1577 5072 V
1594 5027 1616 5073 1.
1654 5023 1663 5085 ΙΙ
1702 5027 1718 5076 Ι.
1741 5027 1783 5076 20.
1811 5027 1905 5077 testari
1931 5027 1994 5077 Vl.
2023 5031 2048 5078 4.

1249 5113 1267 5163 l.
1280 5115 1322 5164 21.
1343 5107 1399 5176 Sin]
1419 5113 1447 5163 Si
1467 5112 1524 5163 Vl.
1544 5115 1569 5163 3.
1589 5115 1613 5162 6.
1637 5112 1645 5172 i]
1669 5115 1685 5166 l.
1699 5115 1741 5165 22.
1761 5115 1901 5181 ipsadaest
1913 5116 1967 5166 Vl.
1981 5118 2006 5167 2.
2023 5119 2048 5168 6.

1249 5203 1322 5252 tat.
1343 5201 1431 5268 legem
1450 5202 1516 5253 deest
1534 5201 1596 5252 El.
1623 5201 1633 5262 ΙΙ
1663 5204 1735 5254 225.
1755 5200 1913 5270 suscriptas]
1931 5205 2093 5272 scriptasit

1248 5291 1320 5341 Mad.

508 5543 537 5614 l]
564 5542 612 5615 Cf.
637 5545 721 5622 Ieprm
745 5554 911 5620 sequentem.
1005 5543 1035 5616 2)
1061 5545 1107 5601 Sc.
1133 5545 1173 5615 II,
1195 5545 1223 5614 5,
1247 5545 1296 5600 14.
1382 5609 1388 5616 ‚
