4388 6226
568 367 865 425 SUPPLEMENTA.
889 399 932 408 —
957 368 1071 424 CONC.
1097 369 1238 424 TOLE'I'.
1264 370 1328 424 XV.
1354 369 1434 425 XVI.
1763 365 1824 426 481

174 553 273 634 venit,
298 552 386 639 qued
409 575 539 618 emnem
561 554 715 640 populum
739 555 833 640 regni
857 556 906 619 sui
930 554 971 620 eb
995 556 1164 620 tuitionem
1187 555 1326 620 filiorum
1351 579 1482 620 suorum
1504 559 1613 620 iurare
1638 557 1830 643 compulerit

174 671 207 722 et
237 681 279 722 ex
309 658 370 724 hee
402 661 536 724 eunetis.
559 661 652 746 quasi
683 660 808 725 aditum
838 660 1039 725 reclamandi
1069 660 1277 728 obstruxerit.
1330 663 1393 727 His
1423 662 1572 727 omnibus
1602 683 1829 749 pressurarum

172 763 309 830 vocibus
339 765 451 830 tabido
483 767 657 831 anxietatis
689 768 825 854 strepitu
855 779 1050 854 occupatus,
1087 769 1222 854 cupiens
1251 769 1496 855 periclitationis
1532 769 1627 834 huius
1662 769 1829 856 elaqueari

173 871 329 958 periculo,
353 871 474 936 fiducia
498 872 562 954 illa,
588 895 653 960 qua
675 872 770 938 vebis
794 875 936 940 vicinum
962 897 1032 938 esse
1050 874 1158 939 Deum
1184 898 1249 939 non
1265 874 1408 962 ambige,
1425 877 1542 941 vestris
1559 876 1641 940 haec
1657 875 1830 941 tractanda

140 977 323 1043 ssensibus
352 980 536 1065 vestrisque
567 979 696 1044 iudiciis
727 978 910 1044 dirimenda
939 982 1116 1046 committe.
1174 981 1258 1046 Nam
1294 993 1326 1046 et
1361 994 1487 1048 ceteras
1522 1005 1694 1046 causarum
1729 1004 1829 1046 voces

172 1085 380 1171 reliquasque
404 1087 603 1171 iurgantium
626 1088 781 1168 actiones,
807 1109 891 1172 quae
916 1097 1024 1151 vestro
1049 1110 1083 1152 se
1109 1089 1215 1152 coetui
1240 1088 1442 1154 dirimendae
1473 1090 1679 1176 ingesserint,
1711 1089 1829 1152 vestris

173 1201 248 1277 opto
272 1191 403 1256 iudiciis
427 1193 600 1279 consopiri,
625 1203 810 1258 contestans
834 1193 1030 1279 generaliter
1053 1217 1175 1277 omnes,
1201 1205 1234 1258 et
1255 1207 1563 1261 ves‘saeresanetes
1594 1194 1728 1260 caelesti
1757 1196 1828 1259 iure

172 1297 353 1384 pontifices,
378 1310 411 1362 et
433 1321 492 1362 vos
522 1299 642 1385 regalis
666 1299 759 1364 aulae
783 1301 871 1364 vires
901 1299 1028 1365 nobiles
1059 1312 1092 1364 et
1121 1300 1271 1384 illustres,
1303 1324 1364 1388 per
1388 1301 1553 1366 ineffabile
1584 1301 1665 1366 illud
1695 1313 1828 1366 sanctae

173 1404 343 1469 Trinitatis
374 1417 407 1470 et
435 1406 640 1471 individuum
670 1418 909 1472 sacramentum
941 1417 974 1471 et
1003 1429 1064 1493 per
1093 1407 1215 1472 domini
1250 1409 1352 1472 nestri
1382 1408 1459 1472 Iesu
1483 1407 1603 1473 Christi
1634 1410 1828 1494 sanguinem

129 1537 155 1578 ro
172 1513 349 1598 pretiosum
380 1535 419 1577 ac
454 1513 541 1577 diem
570 1512 671 1577 futuri
700 1513 814 1578 iudicii
844 1513 1126 1599 pertremendum,
1161 1525 1198 1578 ut
1231 1515 1266 1578 in
1297 1514 1347 1578 his
1383 1513 1532 1578 omnibus
1567 1516 1828 1579 commemoratis

173 1619 376 1703 negotiorum
400 1619 561 1706 capitulis,
592 1619 722 1705 repulsa
752 1621 840 1684 omni
870 1621 1059 1706 acceptione
1089 1622 1231 1685 muneris
1263 1631 1295 1686 et
1324 1621 1457 1704 faveris,
1488 1621 1577 1686 fideli
1608 1623 1828 1687 conscientiae

173 1723 266 1788 oculo
290 1726 477 1807 intendatis
502 1749 566 1812 que
589 1727 624 1789 in
647 1726 877 1791 elucubrandis
901 1726 1038 1791 vecibus
1069 1737 1101 1791 et
1131 1728 1271 1812 negotiis
1302 1729 1463 1793 universis
1494 1731 1540 1793 ita
1569 1751 1702 1816 operam
1733 1728 1827 1810 detis,

174 1853 213 1894 ne
238 1854 258 1895 a
280 1832 422 1896 iustitiae
446 1835 573 1896 tramite
599 1833 778 1897 ullomodo
799 1832 975 1916 decedatis,
1001 1844 1045 1914 ut,
1070 1833 1146 1898 dum
1170 1833 1343 1899 inflexibili
1359 1837 1532 1921 aequitatis
1549 1835 1690 1900 eulmine
1706 1834 1829 1898 iudicia

173 1949 283 2002 restra
307 1941 436 2004 sesain
460 1950 637 2026 conspectu
660 1940 794 2004 Domini
818 1939 979 2025 placitura
1002 1940 1192 2022 direxerint,
1218 1941 1352 2006 etmihi
1377 1941 1417 2006 de
1449 1941 1669 2007 admonitione
1700 1941 1827 2006 lucrum

129 2069 155 2109 rs
175 2055 206 2108 et
230 2044 322 2109 vebis
346 2068 405 2132 pro
430 2045 645 2110 aemulatione
670 2049 827 2111 iustorum
849 2046 1044 2111 iudiciorum
1067 2049 1241 2133 proveniat
1263 2048 1419 2134 gaudium
1444 2059 1644 2135 exoptatum.

281 2162 403 2226 Datum
427 2161 487 2226 sub
511 2161 564 2226 die
588 2163 629 2226 V.
654 2163 765 2227 iduum
790 2163 951 2226 Maiarum
963 2167 982 2226 1.

619 2479 906 2558 CONOILIUM
932 2480 1253 2558 TOLETANUM
1279 2483 1375 2556 XVI.

779 2619 825 2718 (a.
856 2621 938 2710 693,
971 2617 1221 2719 Ap1·.²Mai.).

480 2809 509 2872 Τ
510 2808 635 2873 OMUS
658 2808 864 2872 uolens]
882 2808 1026 2873 REGIS
1053 2808 1274 2874 CONOILIO
1300 2808 1524 2874 OBLATUS.

127 2951 220 3020 solu
250 2952 412 3016 nomine
443 2951 621 3015 Domini.
674 2949 848 3014 Flavius
878 2950 1009 3036 Egica
1038 2973 1110 3014 rex
1142 2952 1427 3016 sanctissimis
1457 2949 1651 3037 patribus
1682 2951 1723 3014 in
1752 2951 1827 3016 hac

666 3067 813 3121 sancta
844 3056 1002 3144 synodo
1034 3055 1335 3123 residentibus.

280 3181 397 3263 Nevit,
432 3179 612 3246 beatissimi
642 3190 768 3267 patrae,
805 3182 988 3244 serenitatis
1017 3191 1148 3245 nostrae
1178 3181 1320 3268 gloriosa
1350 3180 1533 3246 sublimitas
1564 3182 1741 3269 synodicae
1773 3182 1828 3246 ad-

173 3289 354 3353 vocationis
396 3286 503 3352 studia
544 3289 686 3351 nutantis
728 3286 850 3351 saeculi
889 3286 1018 3351 obstare
1057 3289 1185 3351 ruinam
1223 3297 1255 3352 et
1293 3287 1443 3352 fidelibus
1481 3287 1609 3375 populis
1649 3311 1829 3375 congruam

175 3395 325 3460 salutaris
360 3396 447 3459 vitae
482 3393 672 3480 impendere
708 3393 922 3481 disciplinam.
978 3393 1186 3481 Quapropter
1220 3394 1421 3460 orthodoxae
1452 3395 1528 3459 fidei
1563 3395 1720 3482 religione
1755 3417 1828 3482 per·

129 3531 156 3570 as
175 3513 280 3566 metus
303 3502 469 3588 vestrique
495 3500 629 3587 optabili
654 3511 816 3565 conventu
846 3500 1020 3564 iucundior
1042 3500 1188 3566 redditus
1213 3501 1376 3564 caelorum
1399 3503 1470 3585 regi
1498 3512 1605 3587 grates
1628 3500 1827 3588 laudumque

176 3619 254 3673 veta
290 3607 459 3695 persolve,
500 3609 653 3694 queniam
691 3606 889 3694 praestolata
927 3609 1168 3693 aggregationis
1207 3619 1335 3670 vestrae
1376 3609 1545 3672 concursio
1587 3609 1828 3694 praeceptionis

175 3726 303 3780 nostrae
328 3714 468 3780 oraculis
492 3713 701 3779 devotissime
732 3715 841 3801 paruit
868 3723 901 3777 et
927 3713 1071 3777 alternae
1093 3703 1230 3778 visionis
1262 3723 1417 3799 exoptata
1447 3713 1568 3798 gaudia
1597 3713 1827 3778 commodavit.

174 3822 279 3908 Igitur
316 3819 409 3885 vebis
445 3843 556 3885 ceram
593 3821 718 3907 positus
752 3820 869 3882 vestris
904 3818 1057 3904 precibus
1092 3841 1265 3906 supernam
1300 3820 1380 3883 mihi
1415 3819 1621 3884 clementiam
1655 3819 1827 3904 suffragari

175 3927 359 4014 efflagitans
393 3929 638 3991 universitatem
673 3924 901 3990 sanctitudinis
931 3935 1060 3990 vestrae
1091 3925 1268 3988 christiana
1297 3928 1414 3990 mentis
1449 3925 1621 3990 devotione
1657 3926 1826 4006 convenie,

128 4063 156 4104 se
174 4045 220 4116 ut,
249 4035 326 4122 quia
350 4033 509 4099 ecclesiae
534 4043 667 4098 sanctae
692 4030 871 4096 catholicae
896 4031 996 4118 digna
1019 4030 1241 4118 speculatione
1264 4033 1447 4118 praestatis,
1471 4032 1555 4096 votis
1579 4033 1660 4094 meis
1683 4031 1827 4095 fautores

175 4144 244 4206 sitis
277 4142 442 4227 vestrique
477 4139 685 4226 pontificatus
719 4139 843 4204 meritis
879 4139 912 4202 in
946 4137 1098 4225 regendis
1133 4137 1262 4224 populis
1296 4139 1534 4224 praestantiora
1567 4137 1647 4202 mihi
1681 4135 1829 4201 subsidia

174 4249 376 4336 praeparetis
411 4257 443 4312 et
479 4247 687 4312 consiliorum
716 4246 916 4310 nutrimenta
946 4243 1090 4309 salubria
1120 4244 1279 4326 afferatis3
1316 4267 1379 4330 quo
1411 4244 1556 4327 valeam,
1592 4243 1827 4308 sanctimoniae

174 4365 302 4420 restrae
327 4353 523 4419 adminiculo
546 4353 656 4436 fultus,
681 4363 713 4416 et
736 4351 896 4438 regnandi
919 4373 1049 4437 gressus
1073 4352 1107 4414 in
1130 4373 1211 4438 pace
1235 4351 1393 4437 perficere
1421 4362 1454 4415 ct
1483 4361 1614 4437 gentem
1643 4350 1722 4416 mihi
1752 4348 1827 4414 sub-

175 4461 276 4526 ditam
298 4462 353 4548 pie
377 4483 416 4525 ae
440 4460 582 4525 discreto
606 4459 827 4524 moderamine
850 4481 976 4545 regere.
1023 4458 1106 4522 Nam
1135 4467 1167 4522 et
1197 4457 1277 4522 tales
1301 4481 1359 4522 ves
1389 4459 1425 4521 in
1454 4457 1516 4522 hee
1546 4465 1658 4522 sancto
1689 4457 1827 4522 coneilio

127 4593 156 4634 as
176 4567 290 4632 adesse
324 4577 497 4655 praeopto,
534 4589 597 4652 que
633 4567 739 4651 gratia
774 4565 914 4652 Spiritus
949 4565 1052 4629 sancti
1089 4563 1189 4628 cerda
1222 4575 1332 4630 vestra
1369 4564 1530 4628 irradians
1568 4566 1603 4628 in
1640 4563 1747 4629 medie
1786 4564 1829 4628 sit

175 4685 366 4758 vestrorum,
390 4685 426 4738 ut
448 4675 519 4760 ipse
541 4672 679 4738 decente
703 4671 737 4736 id
761 4673 898 4736 teneatis
921 4680 1019 4758 atque
1043 4672 1190 4753 servetis,
1215 4670 1301 4734 unde
1326 4670 1470 4755 etmihi,
1495 4673 1551 4758 qui
1573 4693 1652 4757 prae
1677 4669 1827 4736 omnibus

175 4779 283 4845 multis
308 4803 378 4845 sum
403 4778 592 4844 criminibus
616 4778 755 4863 deditus,
780 4789 812 4842 et
836 4788 953 4842 cuncto
977 4777 1097 4864 populo
1121 4778 1287 4863 regiminis
1311 4779 1375 4842 mei
1391 4779 1553 4864 respectio
1570 4776 1683 4842 divina
1699 4798 1827 4863 semper

176 4886 360 4974 opituletur.
408 4886 546 4967 Quantis
571 4885 712 4972 denique
740 4884 834 4950 malis
861 4884 1051 4970 indignante
1075 4885 1148 4950 Dee
1173 4895 1260 4948 terra
1282 4883 1428 4970 quetidie
1457 4883 1600 4971 vapulet,
1632 4885 1827 4970 quantisque

174 4993 281 5080 plagis
311 4993 364 5057 vel
394 4992 592 5079 perfidorum
623 4990 801 5056 sceleribus
833 4988 1059 5073 contabescat,
1096 4991 1284 5077 paternitati
1314 4999 1442 5055 vestrae
1473 5013 1538 5055 non
1567 5012 1641 5054 reer
1671 5013 1743 5054 esse
1779 4991 1827 5053 in·

125 5129 156 5168 ιο
175 5101 316 5186 cognita.
371 5098 438 5165 Sed
468 5100 545 5186 quia
576 5097 710 5164 indubie
746 5097 926 5178 eredimus,
963 5096 1051 5182 qued
1079 5098 1338 5183 transgressione
1369 5095 1596 5162 mandatorum
1627 5097 1692 5162 Dei
1728 5096 1829 5182 digna

280 5323 297 5374 l.
316 5325 357 5372 ll.
378 5327 403 5372 et
421 5317 485 5386 sam]
505 5319 549 5372 vel
569 5321 622 5371 sav.
642 5320 735 5370 illaesi.

283 5502 314 5574 1)
338 5503 378 5561 n.
406 5503 455 5559 11.
482 5502 555 5559 Mar.
587 5523 615 5559 a.
641 5523 672 5578 p.
699 5499 766 5559 ear.
793 5500 866 5557 ses.
981 5497 1012 5570 a)
1037 5499 1103 5557 asa
1126 5501 1153 5557 a
1177 5498 1225 5556 vr.
1250 5518 1316 5556 noe.
1343 5477 1427 5570 usa,
1457 5500 1510 5557 aa
1537 5507 1567 5557 a
1594 5499 1704 5558 verear
1728 5499 1755 5556 s.
1779 5497 1827 5554 vr.

173 5609 232 5667 tat
259 5610 332 5667 Mai.
357 5609 501 5668 concilium
526 5608 598 5686 repsit
619 5609 737 5666 initium.
783 5608 883 5665 Ternas
906 5606 978 5664 enim
1001 5605 1076 5682 repis
1100 5607 1182 5663 datae
1205 5613 1246 5662 est
1268 5606 1295 5662 d.
1319 5605 1383 5662 VII.
1408 5605 1466 5662 tat.
1493 5606 1565 5664 Mat.
1594 5615 1621 5663 et
1645 5605 1727 5662 uliud
1754 5605 1829 5682 regia

173 5716 292 5774 edictum
316 5716 431 5774 concilio
455 5715 588 5773 directum
612 5709 709 5789 (infra
727 5735 761 5792 p.
780 5707 856 5788 482)
880 5713 940 5788 ipse
964 5711 1008 5770 die
1030 5711 1227 5770 kalendarum.

228 5833 273 5872 m..
288 5831 348 5874 steca.
363 5835 383 5872 1.
412 5833 430 5872 1.
1581 5835 1611 5883 tl
