4432 6232
621 343 702 397 LEX
724 341 1028 398 VISIGOTHORUM
1050 341 1102 410 IV,
1121 339 1150 411 2,
1170 334 1240 397 13*.
1695 337 1753 400 181

101 538 241 593 Naum
254 538 353 609 11666]
372 537 492 594 666616
510 539 623 594 contra
637 528 733 592 huius
757 530 873 592 seriem
898 527 990 613 legis,
1007 550 1173 593 sacrarum
1190 530 1422 615 scripturarum
1437 539 1548 594 nostra
1563 529 1667 616 gloria
1680 553 1757 596 reco
1777 538 1935 613 17,11,11·.

266 635 363 718 lente,
398 635 479 699 illud
514 634 689 716 obicimus,
726 635 812 722 quod
846 634 1053 721 hymnidicus
1082 634 1137 700 illc
1171 634 1316 722 predixit
1345 636 1472 701 David:
1509 635 1634 702 ι816611
1664 648 1758 725 pater

266 745 438 807 miseretur
460 742 610 826 filiorum,
640 745 687 806 sic
716 744 865 807 misertus
891 753 940 806 est
962 741 1123 806 Dominus
1154 741 1342 806 timentibus
1366 744 1467 827 eum’3
1501 743 1541 808 de
1573 767 1636 831 quo
1661 745 1759 809 etiam

267 861 300 914 et
323 849 477 915 Salomon
501 849 597 914 dicit:
623 850 758 914 ί17111662
781 851 911 936 6661666
936 849 1084 913 doctrina
1107 849 1230 935 patris'.
1272 849 1316 914 Et
1338 851 1471 915 iterum:
1498 851 1572 915 ‘Fili
1583 856 1604 935 ³,
1629 853 1758 938 suscipe

268 967 432 1020 senectam
461 957 565 1043 patris
595 958 652 1038 tui,
684 966 716 1020 et
745 979 786 1020 66
811 957 980 1021 contristes
1009 979 1083 1020 eum
1112 956 1147 1019 in
1177 957 1246 1020 vita
1275 956 1382 1021 illius'.
1428 957 1473 1022 Et
1494 960 1627 1023 iterum:
1660 957 1757 1039 ‘Qui‘

269 1060 374 1148 diligit
397 1062 497 1126 filium
522 1085 625 1146 suum,
649 1064 833 1150 frequentat
856 1062 901 1127 illi
924 1062 1099 1150 flagellum,
1124 1075 1159 1127 ut
1182 1063 1299 1128 letetur
1321 1065 1354 1127 in
1378 1066 1553 1129 novissimo
1578 1067 1656 1129 eius.
1694 1065 1759 1146 Qui

268 1168 364 1233 docet
386 1169 486 1234 filium
511 1193 614 1252 suum,
639 1169 825 1262 laudabitur
847 1171 880 1234 in
905 1169 970 1252 illo,
1001 1181 1033 1235 et
1061 1171 1094 1233 in
1119 1170 1226 1234 medic
1250 1169 1500 1235 domesticorum
1524 1170 1760 1257 glorificabitur

268 1277 300 1339 in
324 1275 389 1340 illo.
426 1276 491 1357 Qui
508 1277 604 1342 docet
619 1276 721 1342 filium
737 1301 840 1359 suum,
864 1278 899 1341 in
916 1276 1021 1341 celum
1044 1278 1143 1341 mittit
1165 1278 1314 1342 inimicos
1339 1279 1427 1342 etin
1451 1278 1557 1343 medio
1582 1280 1759 1344 amicorum

267 1382 501 1468 glorificabitur
534 1385 569 1448 in
604 1384 667 1449 illo.
722 1383 868 1449 Mortuus
904 1394 953 1448 est
986 1393 1081 1470 pater
1111 1384 1208 1467 illius,
1244 1395 1276 1449 et
1306 1387 1399 1471 quasi
1429 1407 1494 1449 non
1525 1395 1574 1449 est
1603 1397 1758 1468 mortuus,

267 1489 371 1554 simile
403 1491 489 1555 enim
513 1491 667 1578 relinquit
688 1502 763 1577 post
785 1513 830 1554 se.
877 1491 917 1555 In
940 1491 1008 1555 vita
1031 1514 1090 1555 sua
1112 1491 1204 1573 vidit,
1236 1502 1269 1556 et
1291 1491 1408 1556 letatus
1437 1494 1542 1556 estin
1573 1491 1637 1574 illo,
1670 1504 1702 1558 et
1725 1495 1758 1556 in

268 1595 357 1661 obitu
381 1621 439 1662 sno
463 1621 528 1662 non
552 1608 602 1662 est
625 1600 842 1680 contristatus,
866 1621 927 1662 nec
952 1598 1104 1662 66616666
1129 1610 1178 1663 661
1194 1621 1303 1664 coram
1319 1599 1470 1663 inimicis.
1505 1599 1649 1686 Reliquit
1672 1600 1759 1664 enim

268 1702 472 1769 defensorem
497 1705 611 1769 domus
636 1715 748 1770 contra
770 1707 920 1769 inimicos
945 1716 977 1769 ct
1000 1707 1113 1769 amicis
1137 1705 1327 1770 reddentem
1351 1706 1511 1791 gratiam'.
1547 1706 1636 1770 Dum
1659 1708 1759 1792 igitur

266 1809 326 1874 hec
350 1810 428 1875 talia
451 1813 599 1876 meminit
621 1821 731 1876 nostra
755 1811 1030 1876 excellentissima
1053 1811 1167 1898 gloria,
1192 1835 1254 1899 que
1279 1835 1299 1876 a
1320 1812 1461 1878 Domino
1486 1836 1544 1899 per
1568 1835 1625 1877 ora
1647 1826 1758 1878 vatum

267 1940 396 1982 suonam
425 1919 554 1983 fuerant
582 1919 798 2005 promulgata,
829 1929 939 1983 nostra
968 1931 1074 1982 ratum
1103 1919 1196 1983 duxit
1219 1921 1376 1984 serenitas
1407 1921 1505 1984 tantis
1533 1919 1758 2007 obtemperare

265 2026 439 2112 preceptis.
486 2026 629 2091 Domino
658 2026 827 2090 ordinante
857 2024 933 2090 huic
961 2025 1082 2089 addere
1105 2027 1238 2090 nitimur
1261 2026 1335 2112 legi,
1361 2037 1405 2110 ut,
1430 2028 1547 2114 spretis
1572 2049 1635 2113 que
1659 2027 1758 2112 digne

265 2155 331 2196 non
354 2144 429 2198 sunt
451 2134 567 2220 posita,
591 2134 804 2214 innectamus,
836 2156 899 2220 que
928 2134 1036 2198 omnia
1059 2156 1079 2196 a
1101 2133 1243 2198 Domino
1267 2135 1432 2220 patuerint
1455 2133 1614 2199 ordinata.
1660 2134 1757 2200 Unde

267 2261 377 2304 omnes
409 2240 451 2305 61
481 2242 574 2326 regni
607 2242 710 2305 nostri
745 2239 901 2305 ditionem
936 2242 1135 2326 pertinentes
1166 2263 1408 2305 commonemus
1438 2263 1498 2327 per
1527 2240 1623 2306 buius
1657 2243 1759 2306 nostri

267 2347 384 2410 seriem
400 2346 534 2430 decreti,
558 2357 594 2412 nt
610 2347 776 2434 deinceps,
801 2349 885 2412 sicut
901 2347 949 2411 fas
967 2358 1016 2412 est
1031 2349 1152 2412 iustitie
1177 2358 1209 2412 et
1233 2370 1326 2412 sacra
1350 2349 1510 2434 scriptura
1534 2348 1639 2430 docet,
1663 2349 1758 2414 huius

266 2453 392 2518 novelle
417 2456 594 2519 sanctionis
618 2455 818 2520 custodiatur
841 2455 945 2519 forma
969 2466 1001 2519 et
1024 2455 1206 2542 disciplina,
1231 2465 1266 2519 ut
1288 2466 1362 2541 post
1384 2465 1520 2520 mortem
1544 2457 1655 2519 uxoris
1672 2457 1758 2542 quis-

267 2561 339 2647 quis
373 2560 427 2626 ille
463 2562 692 2648 superduxerit
732 2584 925 2644 novercam,
960 2561 1035 2645 filii,
1072 2563 1127 2648 qui
1164 2561 1204 2626 16
1241 2561 1356 2626 eodem
1393 2563 1545 2648 coniugio
1583 2564 1651 2626 nati
1686 2585 1758 2628 esse

266 2678 454 2752 noscuntur,
479 2670 513 2732 in
536 2670 638 2756 patris
661 2679 821 2756 potestate
847 2679 879 2733 et
901 2667 1137 2754 gubernatione
1161 2678 1374 2755 permaneant
1397 2691 1470 2733 eum
1495 2668 1644 2734 omnibus
1660 2669 1758 2734 rebus

267 2777 438 2858 maternis3
477 2779 554 2864 quia
583 2775 681 2840 valdc
711 2775 883 2862 indignum
913 2786 976 2858 est,
1007 2785 1043 2839 nt
1072 2775 1144 2858 filii,
1182 2777 1284 2862 patris
1311 2774 1547 2861 gubernatione
1582 2776 1636 2841 vel
1669 2788 1759 2863 pote-

233 2876 238 2890 '
267 2893 349 2947 state
380 2883 508 2967 relicta,
540 2885 573 2948 in
603 2883 735 2948 alterius
758 2885 928 2948 tuitionem
952 2881 1144 2965 deveniant,
1176 2881 1235 2946 sed
1257 2883 1465 2964 instituimus,
1490 2893 1525 2947 ut
1547 2893 1650 2969 pater,
1682 2883 1760 2948 dum

266 3013 442 3055 novercam
474 2990 618 3074 duxerit,
654 2991 737 3055 lilios
773 3013 848 3055 suos
882 3013 948 3054 una
983 3012 1056 3054 cum
1087 2988 1217 3076 peculio
1253 3001 1397 3054 materno
1432 2991 1525 3053 iuxta
1559 2991 1760 3076 superiorem

267 3096 348 3182 legis
382 3097 514 3163 modum
549 3099 693 3163 tuitionis
724 3097 838 3162 ordine
869 3107 972 3182 regat.
1025 3095 1077 3160 Ita
1106 3107 1214 3160 tamen
1246 3096 1443 3177 ordinamus,
1477 3108 1513 3161 ut
1541 3099 1759 3162 inventarium

267 3203 308 3268 de
338 3203 436 3268 rebus
466 3203 606 3269 filiorum
636 3228 767 3270 snorum
794 3227 894 3268 manu
917 3227 976 3268 sua
1000 3204 1218 3289 conscriptum
1243 3226 1353 3268 coram
1376 3203 1484 3269 iudice
1509 3203 1562 3268 vel
1585 3203 1759 3269 heredibus

268 3310 419 3376 defuncte
454 3311 598 3376 mulieris
634 3322 763 3376 strenue
800 3321 832 3376 et
861 3311 1001 3375 fideliter
1034 3311 1145 3376 faciat.
1200 3311 1289 3375 Talis
1323 3333 1401 3375 vero
1436 3311 1549 3397 placiti
1584 3313 1691 3376 cautio
1725 3313 1760 3375 in

267 3417 424 3482 heredum
453 3441 584 3483 suorum
614 3419 746 3482 nomine
781 3417 1014 3500 conscribatur,
1050 3417 1168 3504 quibus
1200 3417 1300 3482 tutela
1334 3419 1407 3505 ipsa
1439 3419 1601 3504 pertinere
1631 3419 1760 3483 videtur

266 3525 421 3612 legitime,
452 3527 479 3590 si
509 3537 603 3612 pater
633 3525 799 3608 defuisset,
830 3535 866 3589 ut
888 3524 968 3589 nihil
996 3524 1036 3589 de
1060 3524 1199 3591 filiorum
1231 3548 1362 3589 suorum
1386 3523 1483 3589 rebus
1507 3535 1600 3611 pater
1623 3536 1758 3608 evertat,

268 3633 326 3697 sed
360 3632 498 3697 filiornm
533 3633 634 3697 vitam
670 3632 807 3697 sollicito
842 3642 917 3696 voto
952 3631 1006 3696 vel
1041 3643 1116 3696 actu
1151 3632 1278 3697 salvare
1310 3632 1467 3714 intendat,
1504 3644 1536 3696 et
1565 3655 1617 3696 res
1648 3655 1759 3697 eorum
1817 3707 1819 3714 Ι

268 3738 391 3827 absque
423 3740 532 3826 aliqua
568 3740 780 3818 diminutione
815 3739 1006 3826 perditionis
1041 3739 1179 3803 tuendas
1214 3740 1371 3824 accipiat;
1407 3740 1435 3802 si
1469 3750 1576 3802 tamen
1611 3739 1757 3804 voluerit.

269 3846 366 3927 Quod
400 3848 428 3910 si
462 3857 557 3934 pater
590 3849 678 3933 ipse,
721 3848 777 3934 qui
812 3869 986 3911 novercam
1021 3845 1168 3928 duxerit,
1210 3846 1379 3910 tuitionem
1417 3844 1556 3909 filiorum
1593 3847 1759 3932 suscipere

267 3953 416 4036 noluerit,
445 3965 522 4019 tunc
546 3977 565 4018 6
588 3954 720 4018 161166*
742 3955 955 4041 propinquior
979 3975 1020 4017 ex
1043 3954 1145 4039 patris
1169 3975 1290 4038 genere
1314 3963 1401 4017 tutor
1424 3952 1591 4038 eligendus
1616 3967 1674 4034 est,
1704 3954 1760 4039 qui

268 4062 437 4126 tuitionem
461 4062 604 4147 ipsorum
629 4061 770 4147 accipiat
788 4060 993 4148 pupillorum.
1032 4069 1111 4123 soum
1131 4090 1197 4124 vero
1216 4073 1287 4124 filius
1307 4089 1417 4124 uxorem
1437 4075 1544 4124 duxerit
1563 4079 1611 4123 aut
1630 4073 1686 4124 11116
1705 4091 1758 4124 ma·
1778 4091 1938 4141 mapsam,

267 4183 350 4232 ritum
369 4183 517 4248 acceperit,
543 4183 634 4232 statim
654 4198 671 4231 a
689 4188 766 4248 patre
791 4182 824 4232 16
851 4182 933 4232 rebus
957 4182 1086 4232 maternis
1112 4196 1189 4230 suam
1214 4182 1368 4247 percipiat
1386 4181 1548 4246 portionem,
1575 4181 1614 4230 ita
1639 4187 1670 4230 ut
1695 4197 1759 4230 666-

378 4355 404 4434 *1
428 4367 481 4418 Ro
502 4367 581 4418 666116
601 4363 784 4435 propinquior
802 4391 845 4400 —
863 4363 1069 4434 presumpserit
1092 4361 1121 4432 (l.
1140 4359 1196 4431 33),
1221 4384 1284 4433 qum
1301 4366 1415 4418 66111661
1432 4367 1456 4416 V
1467 4369 1507 4418 17.
1529 4369 1569 4418 18.
1590 4369 1632 4429 19,
1654 4376 1678 4418 et
1698 4384 1762 4433 qrrae

427 4476 539 4543 66661166
560 4474 638 4526 ando
659 4473 806 4536 6661111666,
829 4473 858 4524 in
877 4473 1021 4524 Vibisco
1044 4474 1214 4524 mammmodo
1238 4475 1369 4540 16666661
1393 4476 1471 4525 tutor
1493 4470 1681 4541 requirendus
1705 4477 1759 4538 est,

429 4579 567 4652 quomodo
590 4577 655 4651 lege
680 4578 824 4650 superiore
849 4578 962 4634 dicitur.

213 4808 261 4868 tv,
280 4810 305 4867 2,
327 4802 388 4858 1377.
432 4807 449 4857 l.
472 4808 494 4858 1.
520 4807 669 4857 secundum
696 4821 834 4856 sacrarum
859 4804 940 4854 1715.
978 4801 987 4863 ll
1025 4805 1043 4853 1.
1063 4805 1087 4854 2.
1115 4799 1260 4870 praedixit]
1286 4805 1355 4854 dixit
1380 4804 1460 4854 1715.
1496 4803 1504 4866 ll
1539 4805 1556 4855 1.
1577 4806 1601 4854 1.
1629 4811 1656 4855 61
1675 4799 1711 4868 8.]
1731 4811 1759 4854 61

57 4899 172 4951 eadent
191 4899 266 4949 1715.
321 4891 400 4961 11611]
419 4896 488 4946 dixit
507 4896 582 4946 1715.
614 4893 623 4954 ΙΙ
655 4893 910 4960 18166666166.
942 4891 951 4953 1]
983 4893 1062 4944 110.
1089 4893 1287 4944 6116111111).
1320 4892 1328 4953 ll
1360 4895 1377 4944 1.
1399 4895 1439 4944 ta.
1466 4889 1570 4957 amicis]
1589 4895 1669 4944 amici
1688 4893 1758 4944 codd.

106 4990 123 5041 1.
139 4991 182 5039 14.
200 4987 312 5038 fuerunt
331 4987 405 5036 1715.
452 4979 550 5049 ratum]
569 4986 661 5035 statim
681 4984 755 5035 1717.
778 4982 787 5043 ll
810 4977 966 5048 1151661]
987 4981 1075 5048 legem
1095 4982 1170 5034 1715.
1217 4978 1325 5048 spretis]
1346 4984 1471 5047 superius
1491 4983 1565 5034 1717.
1591 4981 1600 5042 ll
1626 4985 1642 5034 1.
1659 4985 1700 5034 16.
1719 4984 1759 5033 16-

106 5079 243 5130 nectimus
262 5076 335 5141 qnod
355 5076 481 5127 omnibus
500 5091 517 5124 a
535 5073 654 5125 Domino
674 5073 858 5140 6616111715.
890 5069 898 5130 Ι]
931 5072 947 5122 1.
969 5074 1010 5123 17.
1036 5067 1140 5135 omnes]
1167 5073 1291 5122 omnibns
1317 5071 1397 5122 1715.
1450 5073 1649 5138 pertinentibus
1676 5072 1756 5122 1715.

105 5168 181 5218 118.
201 5167 242 5217 166
261 5167 327 5217 deest
345 5165 420 5215 1715.
448 5163 457 5225 ΙΙ
484 5161 939 5227 111161616116616116661715.
969 5159 978 5220 11
1007 5161 1024 5211 1.
1038 5162 1079 5211 20.
1100 5177 1160 5210 6666
1180 5154 1342 5223 noscuntur]
1363 5167 1427 5211 6661
1446 5160 1521 5210 1715.
1550 5161 1559 5221 tl
1588 5162 1606 5211 1.
1620 5163 1661 5210 21.
1681 5167 1758 5225 6616-

106 5263 207 5308 statem
227 5262 254 5307 et
272 5255 500 5322 gubernationem
519 5253 595 5303 1715.
650 5253 731 5303 rebus
749 5251 908 5318 6166611715.
940 5249 949 5310 ll
981 5250 998 5300 1.
1018 5251 1060 5301 22.
1087 5249 1130 5300 vel
1156 5255 1293 5316 potestate
1311 5249 1362 5300 dea.
1382 5250 1457 5300 1717.
1490 5247 1498 5309 ll
1530 5250 1609 5300 123.
1635 5251 1697 5300 1661.
1717 5244 1757 5313 61]

59 5357 88 5397 aa
104 5352 136 5396 ut
155 5347 220 5396 inst.
240 5345 316 5394 1715.
347 5341 356 5404 Ι]
388 5343 405 5394 1.
426 5344 467 5394 25.
492 5343 522 5393 16
548 5341 643 5392 ordine
668 5341 751 5402 1717;
778 5341 900 5391 ordinem
920 5339 995 5390 1715.
1027 5337 1036 5399 ΙΙ
1068 5339 1085 5389 1.
1104 5341 1146 5390 26.
1174 5339 1330 5390 conscribat
1348 5339 1424 5389 1715.
1455 5337 1465 5396 ΙΙ
1495 5339 1512 5388 1.
1532 5339 1574 5388 28.
1601 5338 1698 5402 quibus
1725 5363 1758 5372 —

107 5428 228 5498 videtur]
247 5435 281 5485 ad
301 5448 418 5499 quorum
436 5431 550 5483 tutelam
571 5432 706 5497 pertinere
726 5429 854 5480 videntur
873 5429 948 5481 1717.
972 5427 980 5490 ll
1004 5429 1077 5479 129.
1095 5423 1135 5491 61]
1154 5435 1182 5478 61
1200 5428 1275 5479 1717.
1313 5421 1588 5494 (16]16166161715.
1626 5431 1759 5478 everteret

113 5525 189 5576 1715.
213 5521 222 5585 Ι]
245 5523 262 5574 1.
276 5525 319 5574 30.
337 5516 453 5585 salvare]
473 5521 587 5572 salutari
607 5521 681 5571 1717.
705 5519 714 5581 ll
737 5520 753 5570 1.
768 5521 809 5570 ³1.
829 5521 852 5570 61
872 5525 963 5569 tamen
974 5517 1093 5570 voluerit
1111 5517 1162 5568 (166.
1181 5517 1256 5567 1715.
1279 5515 1288 5576 ll
1311 5517 1328 5568 1.
1342 5519 1385 5567 32.
1404 5511 1528 5580 filiorum]
1547 5517 1666 5583 ipsorum
1683 5515 1758 5566 1717.

218 5702 541 5778 1)Ρ66161.102,13.
623 5700 653 5773 2)
679 5701 764 5760 Prov.
785 5701 882 5772 13,1.
968 5697 1354 5771 3)Ε66166166116663,14.
1439 5698 1469 5767 4)
1494 5697 1638 5768 116130,
1659 5696 1757 5754 1-6.
