4372 6254
842 381 1077 436 PRAEFATIO.
1673 385 1787 443 XXVII

128 573 265 636 habeant
294 597 391 657 neque
421 597 525 635 arastes
556 597 592 635 ea
623 571 749 650 eisdem,
780 571 837 634 sed
866 571 930 634 alii
957 572 1035 634 aliis
1066 571 1143 633 locris
1168 573 1352 655 praeheret,
1383 597 1479 656 neque
1513 575 1545 636 in
1575 575 1786 658 ‹seqnitulornm

128 679 292 744 indicibus
315 704 419 742 eornm
445 680 590 742 rubricas
613 681 787 763 recepimus
810 701 908 762 neque
932 679 975 739 iis
1000 680 1079 763 ipsis
1110 702 1253 741 33333333
1278 681 1309 741 in
1341 679 1502 742 (radicibus
1531 681 1665 744 traditos
1688 707 1787 766 prae-

121 789 303 874 posui-mus,
328 788 387 870 qni
407 787 500 849 etiam
525 788 559 848 in
583 799 743 871 apparatu
765 784 948 870 neqliqeadi
971 784 1165 850 ridebantur.
1213 785 1269 846 Ad
1292 787 1396 847 onuu'a
1423 809 1493 847 uero
1518 790 1635 871 capita,
1662 791 1728 852 siue
1755 792 1787 852 ia

128 895 239 978 forma
264 892 563 972 Reccessehnliona,
590 895 657 954 sice
687 895 720 954 in
743 891 936 977 Eruiqiana,
966 894 1032 954 sine
1064 893 1097 952 in
1130 905 1258 974 atraque
1286 893 1352 953 sire
1385 893 1417 952 in
1447 905 1555 955 neutra
1587 918 1692 957 earnm
1724 898 1789 958 sint

96 1001 367 1086 scomprehensa,
399 1002 431 1062 in
460 1002 603 1086 marqine
632 1023 776 1062 33333333
806 1001 950 1060 continuo
983 1011 1159 1059 nnnuratos
1182 1000 1369 1082 pominues,
1405 1000 1518 1082 qnihns
1554 1023 1608 1062 333
1644 1004 1711 1086 ipsi
1743 1001 1789 1064 ad

129 1108 275 1194 sinqulus
299 1108 379 1193 leqes
403 1106 548 1170 citandos
572 1108 624 1168 nsi
645 1131 751 1168 snrnns
775 1119 811 1184 et,
836 1119 869 1166 nt
891 1105 955 1168 alii
976 1107 1044 1166 eriri
1065 1104 1151 1166 electi
1173 1119 1303 1183 retinetur,
1327 1128 1501 1188 speramns.

242 1213 308 1290 Quo
332 1213 423 1276 modo
441 1214 569 1299 facttnn
594 1226 646 1292 est,
671 1227 704 1275 ut
726 1213 801 1275 haec
825 1212 921 1275 editio
945 1214 1041 1296 quasi
1062 1213 1117 1272 333)
1142 1214 1235 1274 ennius·
1251 1214 1384 1298 fanniae
1408 1215 1510 1296 specie
1534 1227 1562 1275 et
1585 1213 1785 1278 1333333333-

130 1321 263 1384 dianam
287 1335 315 1383 33
328 1320 541 1406 Erm'qianam
558 1321 714 1406 praebeat
737 1321 883 1404 inteqras,
906 1319 1088 1404 fornmrnm
1112 1333 1210 1380 aretem
1237 1319 1435 1404 ¹turiqatarum
1459 1322 1597 1382 orientium
1621 1324 1786 1384 retorteriam

130 1431 321 1507 nniversam,
357 1440 385 1490 et
417 1428 450 1490 si
473 1439 594 1512 spectas
623 1426 669 1488 ad
697 1426 839 1489 ordinem
877 1426 1085 1509 capitulorum
1122 1438 1277 1488 serratmn
1315 1439 1343 1487 et
1378 1427 1517 1488 retaneris
1554 1429 1786 1514 rtearqirmlihns

84 1560 111 1600 ιο
130 1559 322 1620 espressum,
345 1537 438 1597 etiam
462 1547 618 1618 aspectum
635 1534 779 1618 ’33393333
802 1535 906 1610 nenias,
931 1535 1027 1616 quasi
1049 1532 1170 1594 mediae
1193 1545 1221 1594 et
1243 1534 1379 1594 mam'me
1404 1535 1535 1596 usitatae
1551 1535 1684 1619 formae
1701 1559 1786 1619 prae

129 1667 162 1705 se
186 1643 288 1728 jerat.
335 1641 445 1726 Neque
469 1643 562 1703 etiam
587 1665 665 1726 opus
688 1654 740 1718 333,
764 1642 797 1702 si
818 1641 913 1724 leqem
938 1641 986 1701 eis
1009 1639 1158 1724 olleqare,
1184 1652 1216 1700 nt
1238 1641 1378 1700 nonanes
1407 1663 1530 1723 estsuper
1552 1642 1709 1726 farinam,
1742 1641 1788 1704 ad

130 1773 225 1833 qnam
235 1750 397 1832 pertineat
411 1748 462 1811 len
477 1750 587 1828 citata;
603 1747 660 1810 sed
673 1749 815 1834 sufficiet
822 1747 1011 1831 pleramque
1026 1745 1112 1808 33333
1128 1769 1274 1807 aionien-us
1291 1746 1481 1830 rteaiqinalis
1493 1760 1602 1809 noster.
1637 1747 1667 1808 T
1665 1762 1785 1810 antran-

129 1855 233 1932 modo,
257 1857 290 1917 si
311 1857 359 1918 ¹ris
382 1855 521 1941 alleqare
544 1854 644 1917 solam
669 1878 763 1916 anam
780 1855 927 1938 formam
952 1877 990 1914 en
1006 1852 1128 1914 duahns
1145 1854 1232 1914 33333-
1249 1854 1378 1936 positis,
1396 1866 1450 1914 ant
1466 1852 1785 1918 Heccessuindianam

130 1975 187 2024 aut
208 1960 432 2048 Erenqianam,
457 1985 534 2046 opas
558 1963 619 2024 erit
640 1961 759 2023 addere
783 1973 837 2024 ant
860 1960 916 2022 cal.
946 1961 958 2020 l
987 1960 1037 2022 ael
1059 1959 1089 2038 2,
1114 1973 1168 2021 end
1190 1958 1281 2022 Ilecnt.
1309 1960 1357 2021 rel
1379 1959 1457 2023 Era.

84 2099 110 2137 ts
239 2067 357 2146 Restat,
389 2081 421 2130 nt
452 2091 639 2147 3333333333,
675 2091 735 2152 qno
766 2066 858 2129 333333
888 2081 1064 2152 apparatas
1100 2067 1263 2128 lectiomaa
1296 2069 1338 2128 sit
1374 2069 1550 2130 instetutus.
1610 2067 1648 2130 In
1684 2071 1786 2154 capite

129 2189 307 2261 aqqmratus
331 2175 408 2260 leqis
432 2177 581 2258 cre-iusque
605 2175 743 2237 indicati
763 2173 1440 2259 3333333933333333333,9333«3133333333.
1485 2173 1635 2237 Gaditana
1653 2199 1783 2258 quorum

62 2303 65 2310 ·
131 2284 291 2345 lectionem
322 2282 455 2367 pieriam
490 2305 551 2344 non
586 2281 752 2344 habuimus
786 2282 837 2368 ael
870 2305 1000 2364 qaorum
1038 2281 1181 2342 lectiones
1213 2281 1386 2364 plerasque
1424 2305 1521 2343 33333
1556 2295 1584 2343 33
1621 2295 1786 2366 eorrttptas

129 2389 286 2476 neqliqere
311 2389 475 2466 noluimus,
500 2389 589 2450 uncis
614 2388 807 2450 iun-insinues.
859 2387 988 2450 Codicis
1020 2390 1052 2450 ia
1085 2386 1196 2450 ordine
1226 2401 1475 2450 enumeratorum
1501 2390 1615 2473 prinei
1636 2391 1786 2472 aeriusque

130 2497 275 2559 lectiones
299 2519 412 2574 333333,
437 2497 530 2558 etiam
555 2495 710 2557 levissime
735 2493 949 2578 discrepantes
978 2521 996 2558 a
1022 2507 1104 2557 tenta
1133 2507 1247 2571 nostro,
1278 2496 1464 2571 notaaimus,
1496 2507 1665 2557 ceterorum
1697 2498 1786 2558 reneis

81 2631 109 2672 20
130 2627 191 2664 non
217 2602 407 2665 inalusornm
432 2601 615 2687 plerasque,
640 2600 816 2684 etquidem
840 2599 1010 2662 admodum
1037 2600 1129 2663 utiles
1159 2623 1280 2680 orrtrtes;
1310 2599 1453 2662 codicum
1484 2614 1585 2664 autem
1616 2603 1706 2664 artois
1738 2603 1785 2664 in-

129 2710 287 2772 clusorum
318 2731 379 2770 non
409 2710 477 2772 nisi
506 2708 649 2771 lectiones
679 2707 868 2792 sinqillatim
900 2730 1065 2792 cupressos
1096 2707 1251 2768 rolra'mns
1281 2719 1467 2786 contestare,
1502 2731 1599 2791 neque
1631 2731 1701 2770 aero
1735 2732 1786 2771 eos

129 2817 286 2878 rolninnts
316 2813 591 2900 comprehendere,
621 2817 653 2878 si
682 2817 858 2877 nonanes
891 2813 1050 2876 lectionem
1085 2813 1227 2897 aliquam
1260 2836 1323 2875 3333
1359 2827 1528 2876 ceterorum
1564 2814 1614 2877 ael
1646 2815 1785 2878 aliorum

128 2923 271 2986 codicum
298 2921 403 3004 (‘cett.'
427 2921 478 2985 uel
498 2921 610 3006 ‘atti’).

236 3027 625 3092 1333373333Ρ31333333
641 3043 669 3092 33
677 3027 875 3092 hieztritensis
892 3028 1035 3091 lectiones
1051 3029 1227 3090 sensimus
1239 3050 1343 3090 orn-nes
1352 3041 1483 3113 praeter
1496 3028 1688 3108 lenissimam
1701 3027 1787 3112 quod

79 3165 109 3208 ss
129 3137 201 3201 ideo
218 3137 411 3222 praesertim
435 3159 512 3221 opus
528 3159 592 3199 esse
608 3135 782 3214 uidebatur,
800 3137 876 3219 qnia
893 3133 1040 3197 Pithoeus
1057 3158 1151 3196 33333
1167 3133 1275 3197 saltem
1293 3133 1430 3196 codicem
1446 3157 1508 3196 non
1524 3135 1613 3197 realis
1628 3149 1785 3198 serratum

129 3243 313 3307 adhibuisse
336 3241 470 3322 uidetur,
487 3241 687 3306 Matritenses
710 3257 811 3305 autem
835 3266 931 3304 reatem
955 3255 1035 3304 certo
1059 3265 1140 3302 3333
1157 3239 1353 3325 deperditum
1372 3239 1423 3322 (V
1434 3240 1502 3324 20),
1522 3241 1605 3303 alios
1621 3241 1784 3325 quosdam,

129 3373 263 3435 quornm
287 3352 426 3434 inteqras
449 3372 510 3411 non
534 3349 700 3412 habuimus
724 3350 906 3412 collationes
937 3349 987 3411 rel
1016 3347 1251 3432 descriptiones,
1283 3347 1502 3410 adhibuerunt.
1557 3347 1598 3409 In
1628 3349 1785 3434 ceqn'tihas

129 3459 294 3520 variarum
320 3456 482 3519 lectionum
507 3455 659 3518 editiones
682 3457 758 3520 illas
774 3470 851 3541 post
865 3455 987 3519 codices
1003 3454 1192 3540 plerumque
1207 3478 1270 3516 non
1285 3478 1429 3538 expresse
1447 3454 1677 3536 indiaaaimas5
1701 3455 1786 3540 qaod

130 3561 341 3627 tantarmaodo
365 3563 495 3649 facturn
525 3577 569 3626 est
599 3565 633 3624 in
662 3563 798 3648 sinqnlis
828 3564 986 3648 capitibus
1015 3563 1124 3625 rarius
1155 3561 1300 3640 traditis,
1332 3562 1389 3624 att
1416 3561 1568 3624 editiones
1597 3561 1643 3624 ad
1671 3576 1784 3624 tentum

82 3699 110 3738 33
128 3669 325 3734 statetendurn
349 3669 482 3756 majoris
504 3671 652 3733 mom-eati
672 3693 735 3732 esse
758 3669 954 3733 ridebantur.

239 3775 422 3840 Editionem
446 3775 572 3839 Pitheci
593 3777 706 3840 litteris
729 3775 825 3855 Pith„
848 3774 1063 3839 Matritensene
1089 3775 1201 3838 litteris
1225 3773 1327 3854 Mad,
1351 3773 1594 3858 Lindenhroqii,
1622 3775 1667 3838 od
1689 3800 1782 3860 qnam

129 3908 192 3947 non
214 3885 283 3947 nisi
304 3885 346 3950 iis
369 3883 458 3962 loeis,
481 3883 538 3946 abi
559 3909 577 3946 a
595 3881 767 3946 Pithoeana
792 3883 910 3968 differt
934 3895 1106 3968 respectum
1129 3881 1305 3960 habuimus,
1331 3881 1444 3944 litteris
1459 3881 1557 3944 Liad.
1577 3883 1781 3967 seqnaoimns.

238 3987 436 4054 thieeimns
475 3987 664 4052 Chronicarn
698 4013 804 4076 reqnm
837 3989 1083 4076 Vesiqothornm,
1119 4013 1213 4072 qaam
1241 3989 1391 4072 plerique
1425 3988 1522 4074 Leqis
1554 3987 1784 4074 Visiqothornm

130 4096 253 4160 codices
277 4121 346 4160 enm
370 4119 407 4159 ea
431 4099 627 4160 coniunctam
644 4098 806 4182 praebent.
856 4095 976 4158 Forma
998 4094 1029 4157 A
1053 4096 1198 4182 fortasse
1228 4097 1283 4158 snb
1312 4093 1552 4159 Chindasuindo
1583 4094 1783 4158 3331333333-

83 4231 111 4272 ⁸⁶
129 4202 243 4266 scindo
268 4227 348 4289 reqe,
366 4204 482 4289 forma
505 4202 537 4264 B
561 4217 642 4267 certo
664 4204 721 4266 sab
746 4202 881 4288 Eruiqio
904 4204 1024 4287 scripta
1048 4216 1101 4280 est,
1127 4215 1160 4265 nt
1183 4202 1282 4288 leqnm
1307 4204 1438 4286 corpori
1458 4200 1637 4265 adderetur.
1678 4200 1784 4266 Series

129 4333 237 4395 339333
253 4310 399 4395 fortasse
423 4310 572 4372 similiter
594 4312 660 4373 ianr
684 4334 753 4373 cam
777 4311 906 4394 antiqno
932 4309 1031 4394 leqnm
1056 4309 1162 4372 codice
1186 4310 1350 4372 coniuncta
1374 4323 1450 4372 erat.

237 4415 287 4479 Ab
312 4416 371 4479 hac
394 4416 529 4480 editione
552 4417 735 4480 seclusimus
758 4416 852 4479 haee:

242 4521 273 4584 Τ
272 4523 382 4586 italam
406 4523 444 4586 de
468 4523 613 4587 electione
633 4525 823 4609 princip-nm
848 4521 909 4604 (ed.
935 4521 1032 4586 Matr.
1058 4547 1095 4607 p.
1120 4519 1164 4608 [I
1155 4518 1282 4608 J—[X
1275 4518 1299 4608 ]
1323 4545 1361 4584 33
1384 4522 1589 4584 eortce'liornm
1613 4523 1785 4586 canonibus

130 4631 343 4715 compositam,
368 4653 457 4714 quem
473 4630 630 4714 praebent
652 4629 682 4691 V
695 4631 744 4692 16.
770 4630 823 4694 20.

81 4765 112 4805 eo
240 4735 382 4816 Glessaa
403 4737 527 4822 9333333
544 4737 715 4822 proloquia
739 4735 874 4820 (codicis
897 4735 929 4798 R
945 4737 991 4820 2),
1012 4736 1183 4822 qioosaria.

245 4841 423 4906 Versu-'onem
450 4841 670 4906 Castilianam.

241 4947 345 5036 Caput
371 4949 405 5029 V,
432 4952 460 5030 l,
485 4951 504 5012 5
536 4949 685 5014 editiom's
715 4950 913 5014 Matritensis
944 4947 1000 5032 (=
1031 4949 1165 5012 concilii
1189 4947 1220 5010 Τ
1216 4950 1284 5012 olet.
1313 4948 1408 5014 XVI.
1441 4974 1508 5012 ean.
1541 4949 1574 5032 5)
1611 4950 1650 5012 ah
1683 4951 1785 5034 ispius

129 5055 228 5144 Leqis
247 5055 477 5144 Visiqothorum
502 5081 631 5143 corpore
654 5058 807 5120 seclusum
830 5056 1009 5121 exhibemus
1033 5056 1125 5143 infra
1149 5079 1187 5141 p.
1212 5054 1337 5118 XXXI
1340 5056 1370 5119 V
1379 5079 1426 5140 sq.

864 5249 968 5337 Caput
990 5250 1050 5313 IV.

728 5374 794 5448 De
827 5375 1184 5472 supplementis.

238 5512 385 5577 Breviter
409 5513 554 5576 dicamus
577 5513 615 5576 de
637 5514 871 5599 supplementis,
892 5537 972 5598 quae
987 5514 1175 5577 subiecimus
1192 5514 1292 5600 lequm
1309 5513 1573 5600 Visiqothiearum
1589 5513 1782 5598 corporibus.

238 5618 292 5682 Ea
313 5619 396 5707 Leqe
419 5617 565 5683 Rosmana
590 5619 819 5706 Visiqothornm
842 5619 1059 5705 recipiendum
1083 5619 1232 5682 duae'mns
1256 5621 1524 5683 ceremon-iterium
1548 5619 1681 5681 Alarici
1701 5619 1785 5704 reqis

128 5751 159 5790 a.
179 5725 243 5788 506
269 5726 385 5808 dehine,
411 5740 439 5790 et
461 5729 538 5811 qnia
562 5740 606 5790 est
628 5726 1126 5813 33933333393313333333333333,
1151 5741 1179 5790 et
1201 5728 1278 5810 qnia
1302 5751 1341 5790 eu
1363 5729 1418 5806 eis,
1443 5749 1522 5810 quae
1539 5725 1577 5788 de
1593 5727 1784 5788 institutione

1513 5852 1569 5902 IV*
