4448 6226
841 357 1174 414 ADDITAIIENTUII.
1769 349 1833 412 4113

289 545 350 610 ΙΠ.
397 544 433 610 Si
463 545 536 631 quis
565 545 736 630 uuigosum
767 544 903 626 dixerit,
934 544 968 610 id
999 554 1049 608 est
1077 553 1248 630 tauposum
1279 543 1332 607 vel
1362 543 1592 630 disturpatum,
1624 554 1656 608 ct
1685 543 1738 608 ille
1769 566 1833 609 non

183 652 341 734 habuerit,
366 652 472 717 dictor
495 652 638 716 criminis
663 661 817 716 extensus
841 663 915 716 ante
938 651 1081 716 iudicem
1103 665 1173 714 xxx
1196 649 1326 736 flagella
1349 651 1514 736 suscipiat.

288 759 367 824 IIII.
415 757 451 823 Si
481 759 554 845 quis
584 759 812 824 circumcisum
842 758 963 822 dixerit
985 757 1039 822 vel
1063 757 1289 844 disturpatum,
1321 769 1353 823 et
1376 756 1430 822 ille
1453 780 1519 822 non
1541 756 1702 839 habuerit,
1729 756 1833 822 dictor

182 867 326 932 criminis
350 876 504 930 extensus
527 864 658 951 publice
683 878 729 928 cL
751 863 881 950 flagella
904 865 1070 951 suscipiat,

150 995 163 1034 s
288 974 328 1040 V.
376 971 442 1053 Qui
472 972 690 1058 ponderosum
725 971 862 1053 dixerit,
899 982 932 1036 et
965 971 1019 1035 ille
1055 995 1120 1036 non
1156 969 1322 1053 habuerit,
1360 970 1464 1036 dictor
1499 971 1642 1036 criminis
1677 982 1832 1037 extensus

181 1080 310 1167 publice
335 1093 381 1143 CL
403 1078 533 1165 flagella
557 1079 722 1165 suscipiat.

287 1187 346 1251 VI.
393 1185 459 1267 Qui
487 1185 712 1251 Sarracinator
735 1184 856 1249 dixerit
885 1195 918 1248 et
944 1207 1009 1248 non
1032 1183 1230 1272 probaverit,
1262 1185 1366 1249 dictor
1397 1186 1541 1249 criminis
1572 1196 1726 1250 extensus
1756 1195 1831 1249 ante

181 1294 321 1359 iudicem
345 1307 391 1358 01.
414 1292 544 1378 flagella
567 1293 734 1378 suscipiat.
1061 1357 1063 1360 .

138 1581 162 1620 ro
460 1558 541 1623 Del
572 1558 652 1640 his,
684 1559 753 1645 qui
784 1581 825 1622 se
856 1560 896 1622 in
926 1558 1082 1645 gladiis
1112 1557 1361 1646 impulerint
1391 1558 1557 1623 alienis.

287 1685 322 1750 Si
346 1685 419 1772 quis
441 1683 591 1748 lanceam
613 1682 667 1746 vel
690 1682 859 1770 quodlibet
881 1682 1027 1770 gladium
1050 1685 1084 1747 in
1107 1706 1206 1748 manu
1237 1706 1297 1748 sua
1326 1694 1450 1764 tenens,
1481 1683 1557 1747 dum
1588 1705 1653 1747 non
1684 1704 1829 1769 sperans,

180 1802 213 1856 et
241 1790 357 1879 aliquis
388 1791 421 1854 in
453 1789 567 1854 eodem
597 1788 707 1876 gladio
737 1790 888 1855 inciderit
919 1792 988 1855 sine
1011 1791 1177 1855 voluntate
1209 1791 1288 1872 eius,
1320 1792 1376 1876 qui
1406 1789 1550 1876 gladium
1580 1791 1614 1853 in
1644 1813 1742 1854 manu
1772 1813 1831 1854 sua

178 1899 298 1981 tenuit,
329 1897 407 1963 dum
437 1908 640 1962 sacramento
672 1919 706 1961 sc
737 1899 937 1984 expiaverit,
972 1920 1037 1962 non
1071 1897 1148 1962 inde
1179 1898 1345 1962 conscium
1380 1897 1498 1978 irrisae,
1529 1895 1716 1961 vulneratus
1751 1919 1829 1960 suae

178 2007 316 2091 imputet
345 2004 449 2091 culpe.
504 2003 592 2084 Quid
622 2005 708 2068 enim
743 2003 838 2090 culpe
874 2006 943 2069 eius
979 2005 1098 2091 poterit
1133 2005 1300 2086 extimari,
1337 2005 1393 2091 qui
1428 2004 1577 2068 nesciens
1611 2003 1674 2068 hoc
1709 2002 1830 2068 factum

134 2133 160 2172 a
178 2111 322 2196 gladium
346 2113 379 2176 in
402 2133 501 2176 manu
525 2132 584 2176 sua
607 2110 735 2175 tenuit?

989 2253 1022 2318 0.

662 2379 743 2442 De²
774 2377 1028 2443 contumelio
1058 2379 1341 2464 ingenuorum.

284 2501 319 2566 Si
343 2504 416 2590 quis
439 2503 580 2591 aliquem
603 2503 767 2567 hominem
791 2503 977 2589 ingenuum
983 2502 1122 2588 pedibus
1139 2505 1276 2567 traxerit
1292 2505 1361 2568 sine
1378 2503 1475 2591 culpa
1490 2514 1546 2568 aut
1562 2502 1827 2590 subguturaverit

176 2619 232 2673 aut
256 2609 389 2695 capillos
414 2610 530 2696 capitis
553 2608 760 2693 abstraxerit,
792 2611 819 2673 si
842 2609 948 2674 nullus
978 2609 1062 2674 livor
1091 2611 1288 2696 apparuerit,
1320 2633 1378 2696 pro
1409 2610 1545 2697 singulis
1575 2609 1825 2693 obiectionibus,

131 2738 158 2776 ro
175 2737 237 2802 que
262 2717 410 2802 superius
434 2717 648 2798 continentur,
673 2726 806 2781 coactus
829 2739 849 2780 a
871 2716 978 2781 iudice
1003 2717 1146 2803 quinque
1163 2716 1282 2781 solidos
1305 2717 1431 2799 reddat,
1450 2718 1502 2782 cui
1524 2718 1676 2782 iniuriam
1700 2717 1825 2782 fecerit.

175 2823 219 2887 Et
242 2823 357 2888 sinon
381 2822 540 2905 habuerit,
565 2823 650 2888 unde
675 2833 857 2909 componat,
882 2823 1047 2888 districtus
1071 2846 1091 2887 a
1114 2822 1222 2888 iudice
1247 2825 1483 2910 quinquaginta
1506 2823 1636 2909 flagella
1660 2825 1825 2910 suscipiat.

980 3055 1021 3118 D.

588 3177 806 3260 Qualiter³
835 3180 1092 3244 examinatio
1124 3178 1277 3244 debeat
1306 3179 1416 3244 fieri.

184 3281 187 3288 Ι
281 3303 345 3368 Hic
369 3303 448 3368 ordo
472 3302 665 3369 servabitur.
713 3304 751 3369 In
774 3303 857 3369 libro
881 3303 959 3388 XII,
984 3304 1077 3368 titulo
1101 3306 1206 3386 tertie,
1232 3305 1393 3369 sententia
1416 3315 1533 3369 octava
1556 3304 1699 3370 decima:

129 3454 155 3493 rs
551 3429 603 3492 De
628 3451 779 3492 mensura
803 3439 835 3492 et
858 3427 970 3493 ordine
995 3430 1270 3494 examinationum
1292 3428 1450 3494 kaldan'e.

280 3552 362 3616 Tres
396 3553 509 3617 uncias
544 3554 641 3617 semis
672 3563 769 3640 atque
799 3555 940 3639 pueritia
969 3555 1142 3636 innocens,
1177 3564 1245 3618 tota
1275 3577 1373 3618 manu
1403 3576 1483 3617 sana
1512 3564 1544 3618 et
1573 3564 1675 3618 totum
1707 3576 1824 3641 corpus

173 3657 296 3746 absque
321 3659 458 3724 macula.
505 3660 648 3746 Lapides
672 3669 738 3724 tres
766 3683 865 3725 manu
896 3659 1012 3725 dextra
1041 3663 1075 3724 in
1106 3660 1250 3726 caldaria
1279 3662 1386 3724 mittat
1415 3670 1448 3724 et
1476 3671 1591 3746 postea
1621 3661 1727 3724 eiciat.
1780 3661 1824 3725 Et

173 3767 199 3829 si
223 3765 453 3830 formidulosus
476 3766 618 3853 lapidem
642 3789 708 3832 non
731 3767 864 3830 eiecerit
886 3778 943 3831 aut
965 3765 1015 3830 bis
1039 3777 1095 3833 aut
1117 3768 1212 3832 tertio
1236 3789 1295 3854 pro
1311 3789 1375 3831 uno
1392 3767 1523 3852 negotio
1540 3790 1671 3831 manum
1688 3767 1821 3849 miserit,

172 3884 228 3937 aut
257 3895 356 3961 supra
385 3895 571 3938 mensuram
601 3873 738 3938 caluerit
768 3895 868 3961 aqua,
901 3875 1030 3938 omnino
1061 3874 1259 3938 examinatio
1289 3873 1435 3938 invalida
1464 3875 1534 3937 erit.
1590 3873 1634 3937 Et
1664 3874 1719 3959 qui
1749 3895 1822 3960 pro-

128 4005 154 4044 to
172 3981 347 4065 sumpserit
368 4001 519 4044 mensure
543 3979 688 4066 pondere
712 3990 869 4062 taxatum,
901 3981 1067 4065 negotium
1097 3982 1299 4066 reparaverit
1328 3981 1502 4045 valituram
1531 3981 1616 4044 inter
1645 3981 1754 4044 omnia
1783 4002 1821 4045 ac

171 4107 309 4150 censura
338 4084 469 4172 plenum
499 4085 598 4151 robur
629 4086 783 4151 obtineat.
829 4085 923 4150 Haec
954 4097 1004 4150 est
1033 4087 1066 4150 in
1097 4087 1368 4173 quinquagesimo
1399 4108 1523 4151 canone
1555 4086 1595 4150 de
1626 4087 1821 4152 coercitione

171 4193 354 4278 principum
379 4203 411 4257 et
434 4194 661 4279 episcoporum
677 4195 843 4258 auctorica
859 4193 980 4279 regula.
1019 4193 1231 4280 Mancipium,
1248 4193 1323 4257 dum
1341 4193 1527 4280 quindecim
1543 4215 1645 4258 annos
1662 4193 1821 4276 habuerit,

172 4300 278 4363 mittat
300 4322 430 4364 manum
454 4301 489 4363 in
513 4299 666 4382 caldaria,
690 4322 793 4387 usque
817 4302 850 4364 in
875 4314 960 4364 XVII.
985 4322 1106 4364 annum
1129 4302 1201 4387 ipsa
1225 4311 1273 4364 est
1296 4301 1445 4386 pucritia.

278 4510 295 4560 1.
324 4511 346 4559 l.
382 4509 508 4574 rigorum
533 4508 613 4570 1715;
641 4511 805 4575 vlougoeum
824 4510 898 4560 1718.
972 4504 1125 4577 taupoeum]
1151 4515 1296 4575 taopasum
1316 4509 1390 4560 1715.
1423 4508 1432 4568 ΙΙ
1463 4511 1480 4559 1.
1500 4512 1524 4560 3.
1562 4511 1739 4562 circumcisus
1765 4511 1821 4563 179.

127 4609 154 4648 ut
171 4598 188 4648 1.
205 4600 228 4648 1.
257 4593 453 4660 Sarracinator]
472 4598 509 4647 ita
527 4598 584 4648 V9.
606 4600 653 4660 193
680 4598 880 4648 Sarraciuatum
904 4599 928 4648 V
944 4600 983 4649 11.
1010 4600 1057 4660 18,
1084 4598 1315 4650 Sarracinatorem
1339 4587 1418 4648 1715.
1474 4581 1581 4662 diruerit}
1606 4599 1644 4650 ita
1667 4599 1745 4650 1711.
1773 4602 1821 4664 18,

170 4687 307 4738 deeetoett
339 4685 348 4747 11
380 4688 459 4737 l.10.
488 4687 516 4736 in
539 4686 606 4737 daem
628 4687 707 4737 1719.
763 4686 861 4738 alienis
887 4687 1045 4753 impulerint
1068 4687 1146 4738 1715.
1180 4684 1188 4746 ll
1220 4688 1237 4738 1.
1259 4690 1299 4738 11.
1328 4687 1477 4752 quemlibet
1496 4687 1570 4738 1719.
1602 4685 1611 4748 ΙΙ
1643 4689 1660 4739 1.
1681 4691 1722 4740 19.
1749 4685 1822 4754 iude]

171 4777 198 4826 iu
217 4792 246 4826 ae
266 4776 322 4826 179.
355 4773 363 4836 ll
395 4776 412 4825 1.
434 4777 474 4826 14.
503 4770 636 4840 extimari]
655 4776 692 4827 ita
711 4776 774 4838 179;
794 4778 916 4828 estimari
933 4785 988 4827 cett.
1034 4777 1134 4827 Iactum
1152 4776 1219 4826 decet
1237 4776 1312 4827 1719.
1343 4775 1352 4837 ΙΙ
1384 4777 1401 4827 1.
1423 4778 1465 4828 15.
1491 4779 1518 4826 in
1537 4777 1603 4828 deest
1621 4777 1696 4828 1719.

277 4887 302 4934 2.
332 4883 359 4934 0.
390 4882 466 4934 Oodd.
486 4883 543 4933 V9.
565 4884 596 4934 15
615 4880 660 4946 (=
681 4883 1014 4949 armaturarum.
1042 4909 1076 4918 -
1105 4884 1121 4934 l.
1144 4886 1183 4934 11.
1213 4883 1385 4934 contumeliis
1406 4883 1479 4934 1719.
1511 4882 1520 4943 ll
1552 4885 1569 4934 1.
1591 4885 1631 4935 18.
1659 4886 1821 4950 subgutura·

171 4966 248 5036 verit]
266 4972 304 5022 ita
323 4971 386 5032 179;
404 4973 594 5022 subcuraverit
612 4971 693 5035 1719;
712 4973 894 5036 errbgitaverit
912 4981 966 5023 cett.
992 4973 1001 5033 ΙΙ
1026 4974 1043 5024 1.
1060 4973 1100 5023 19.
1120 4967 1289 5036 abstraxerit]
1309 4973 1459 5024 adtraxerit
1477 4973 1549 5022 1719.
1586 4989 1635 5038 pro
1655 4990 1676 5023 s.
1695 4969 1751 5036 ob]
1772 4992 1822 5040 per

125 5073 153 5112 to
169 5060 293 5127 singulas
312 5062 486 5111 oblaccionee
505 5060 579 5110 1719.

276 5171 300 5220 2.
328 5169 363 5218 D.
383 5167 416 5218 Ε.
446 5167 524 5218 coda
543 5167 600 5218 179.
623 5169 654 5218 15
673 5163 718 5228 (=
739 5167 811 5220 Mod.
826 5184 854 5232 p.
871 5164 940 5230 111).
963 5193 998 5202 -
1019 5169 1092 5220 123.
1113 5167 1289 5229 Qualiter-
1306 5167 1429 5219 kaldarie
1448 5168 1498 5218 dea
1518 5168 1575 5222 179.
1599 5167 1607 5228 ll
1630 5169 1647 5220 1.
1661 5171 1704 5220 24.
1723 5175 1820 5222 octava

169 5251 284 5321 decima]
303 5257 423 5306 XXVIII
437 5255 547 5322 sortasse
565 5256 747 5322 corripendum.
773 5255 782 5318 ll
813 5257 830 5308 1.
844 5258 886 5306 25.
907 5259 1134 5308 examinationem
1154 5257 1234 5308 kalde
1255 5257 1328 5308 Vla.
1356 5257 1364 5318 ll
1390 5259 1407 5308 1.
1421 5259 1463 5308 21.
1483 5273 1591 5308 manum
1610 5257 1731 5308 dextram
1756 5259 1780 5308 V
1795 5261 1819 5310 9.

170 5340 276 5412 postea]
296 5351 400 5412 petram
419 5346 476 5396 V9.
531 5341 736 5412 presumpserit]
755 5345 792 5396 ita
810 5345 871 5406 179,
900 5347 1030 5411 presserit
1049 5347 1120 5396 1715.
1153 5345 1162 5406 ΙΙ
1194 5347 1211 5397 1.
1231 5349 1273 5396 33.
1303 5341 1434 5410 caldaria]
1454 5345 1533 5398 calda
1551 5345 1622 5396 codd.
1677 5348 1705 5396 in
1724 5347 1818 5397 XVII⁰

169 5451 239 5486 anuo
259 5436 319 5501 ipsa
338 5435 395 5484 179.

122 5642 149 5680 45
277 5614 306 5687 l)
344 5614 392 5687 Of,
424 5614 472 5687 171,
497 5615 526 5686 5,
552 5615 629 5692 2eq.
756 5613 786 5686 2)
822 5615 886 5672 Hoc
920 5625 1006 5690 caput
1037 5619 1228 5692 srqrplenrento
1263 5627 1302 5674 est
1336 5617 1411 5674 tinulo
1442 5617 1490 5687 171,
1516 5618 1552 5686 4,·
1588 5617 1628 5688 es.
1660 5617 1708 5689 VI,
1735 5619 1763 5689 4,
1788 5620 1817 5677 1.

169 5721 199 5794 3)
233 5720 281 5795 Cf.
312 5723 360 5793 171,
388 5724 415 5794 l,
442 5723 470 5779 3.
