4432 6232
394 304 459 367 212

261 505 376 577 Ι,2,4.
396 508 500 579 ltere]
530 487 725 562 intemerata
747 497 821 563 filiis
845 519 887 562 ex
917 497 988 584 ipso
1019 497 1089 560 viro
1119 517 1193 582 pro-

396 607 514 670 creatis
553 603 774 692 derelinquat,
814 614 847 668 et
886 603 975 668 nulle
1021 603 1192 668 occasione

395 710 524 794 exinde,
557 722 706 798 excepto,
737 722 773 775 ut
803 711 924 776 dictum
955 721 1014 792 est,
1048 711 1193 797 quintam

393 829 537 906 partem,
573 818 751 905 quidquam
787 817 867 882 oliut
900 817 1017 882 mulier
1051 815 1193 880 alienare

393 936 568 1013 presumat.
617 925 713 1006 Quod
737 927 764 989 si
788 948 830 990 ex
853 926 925 1012 ipso
956 924 1106 1010 coniugio
1136 921 1194 987 filii

395 1053 460 1096 non
482 1031 603 1096 fuerint
626 1034 798 1119 procreati,
823 1031 984 1119 quidquid
1007 1030 1123 1095 mulier
1153 1029 1194 1094 de

394 1137 492 1203 rebus
516 1138 577 1203 sibi
604 1139 731 1204 donatis
755 1141 864 1204 facere
889 1138 1033 1224 elegerit,
1057 1136 1193 1202 liberam

394 1245 516 1310 hebeat
542 1257 746 1333 potestatem.
800 1245 953 1312 Ceterum
985 1247 1012 1309 si
1041 1247 1195 1309 intestata

396 1353 592 1436 discesserit,
621 1353 663 1418 ud
686 1355 838 1420 maritum
869 1355 949 1436 eius,
981 1354 1008 1416 si
1039 1353 1194 1439 suprestis

396 1461 556 1542 extiterit,
588 1460 720 1526 donatio
750 1471 943 1525 revertetur.
997 1459 1056 1524 Sin
1086 1469 1194 1524 autem

394 1569 530 1632 meritus
553 1589 617 1630 uon
640 1566 749 1646 fuerit,
774 1564 816 1629 ed
838 1563 975 1628 heredes
999 1563 1116 1644 mariti,
1138 1562 1195 1649 qui

396 1674 605 1740 donationem
621 1673 709 1755 feeit,
727 1671 842 1736 eadem
859 1671 990 1736 donatio
1006 1668 1193 1756 pertinebit.

396 1781 501 1847 Simili
548 1782 673 1845 ratione
721 1789 752 1844 et
799 1777 839 1843 de
878 1779 957 1843 viris
995 1775 1223 1918 precipimus!

396 1888 552 1954 custodiri
576 1888 616 1953 de
640 1887 701 1970 his,
727 1909 790 1974 que
815 1884 856 1950 ab
877 1883 1033 1950 uxoribus
1049 1895 1193 1969 tempore
1221 1921 1224 2026 q

395 2018 599 2083 quocumque
624 1994 743 2059 donata
765 1991 982 2081 perceperint.

450 4259 482 4317 V,
505 4260 530 4319 2,
553 4261 577 4308 4.
623 4261 640 4310 l.
663 4261 688 4309 3.
717 4217 851 4326 excepto]¹
871 4265 952 4326 cepto
979 4260 1040 4310 V'l.
1102 4260 1196 4324 quinte

396 4350 421 4399 R
439 4351 462 4399 2.
495 4347 503 4408 li
536 4349 552 4398 l.
573 4351 597 4398 4.
624 4347 697 4400 uliud
723 4349 790 4399 122.
823 4349 831 4408 ll
864 4351 924 4400 11.
952 4343 1069 4413 donatis}
1095 4351 1196 4400 iuxtu

397 4439 624 4504 prescriptis
665 4439 863 4488 testatoris
906 4439 1094 4490 lrordirreur
1135 4439 1195 4492 add.

403 4528 460 4578 Vr.
493 4524 501 4584 ll
534 4526 550 4576 l.
571 4529 595 4576 9.
622 4527 656 4576 ad
676 4521 722 4590 m]
743 4533 791 4576 eut
811 4527 908 4576 marito
928 4526 990 4577 Ε2.
1046 4529 1196 4593 supprestis

397 4617 422 4666 B
439 4617 470 4677 2;
497 4621 620 4680 superest
644 4615 668 4664 R
685 4617 709 4666 3.
742 4615 750 4674 ll
782 4617 799 4666 l.
821 4618 861 4665 10.
888 4623 1007 4666 revertat
1025 4615 1049 4663 V
1058 4618 1082 4666 7.
1138 4612 1196 4679 Sin]

397 4705 426 4754 Si
446 4703 508 4754 Ε2.
529 4703 584 4754 Vr.
617 4701 625 4760 ll
657 4705 674 4754 l.
696 4706 736 4753 14.
763 4700 1086 4771 custodiri—tempore]
1108 4711 1196 4756 custo·

397 4795 455 4844 dire
481 4792 505 4841 V
520 4793 542 4842 7.

940 310 1020 364 LEX
1042 308 1345 366 VISIGOTHORUM
1368 309 1406 378 V,
1424 309 1454 378 2,
1472 308 1502 364 4.

1249 504 1336 576 Ero]
1375 495 1583 582 expendendi
1616 494 1670 560 vel
1705 495 1816 561 utendi
1854 507 2049 582 potestatem

1248 600 1369 667 habere
1393 602 1508 690 potuit,
1531 604 1578 667 ita
1602 613 1634 667 et
1657 602 1721 685 illa,
1747 625 1810 690 que
1834 626 1895 667 usu
1920 602 1982 667 hoc
2007 603 2051 667 ed

1249 709 1481 796 possidendum
1515 711 1679 796 percepit,
1715 711 1840 793 omnia,
1881 709 1958 774 dum
1993 709 2048 774 ad-

1248 817 1378 898 vixerit,
1412 817 1481 881 sine
1513 816 1686 881 cuiuslibet
1715 816 1950 902 inquietudine,
1982 817 2049 880 suis

1248 924 1476 988 incunctanter
1512 934 1622 988 utatur
1660 925 1830 1010 expensis3
1874 925 1902 987 si
1940 935 2080 988 tamens

1250 1030 1336 1094 idem
1374 1040 1510 1095 testator
1548 1029 1690 1116 aliquam
1729 1030 1904 1116 specialem
1952 1041 2048 1095 testa-

1249 1138 1370 1201 tionem
1394 1136 1434 1201 de
1458 1138 1537 1224 ipsis
1561 1136 1708 1222 frugibus
1739 1160 1803 1201 non
1834 1138 2047 1220 instituerit*;

1250 1264 1313 1323 post
1343 1258 1448 1308 obitum
1479 1274 1545 1309 vero
1577 1275 1654 1309 suurn
1686 1256 1789 1323 reliquo
1817 1259 1922 1322 integra
1951 1263 1978 1308 et
2009 1259 2047 1307 in-

1248 1369 1380 1415 temerata
1398 1364 1461 1416 liliis
1481 1382 1513 1415 ex
1532 1367 1592 1431 ipsc
1612 1367 1672 1417 viro
1692 1367 1841 1431 procreatis
1867 1364 2048 1430 derelinquat,

1250 1479 1277 1522 et
1299 1469 1374 1522 nullu
1399 1473 1546 1523 occasione
1573 1458 1727 1544 culquam
1752 1473 1858 1532 exinde,
1885 1468 2091 1538 excepto**,1o

1250 1585 1280 1628 ut
1306 1579 1407 1629 dietum
1434 1585 1482 1642 est,
1507 1579 1628 1643 quintam
1654 1585 1767 1645 partem,
1800 1580 1946 1644 quicquam
1973 1579 2047 1630 uliud

1250 1683 1347 1736 mulier
1365 1684 1485 1736 alienare
1505 1693 1652 1751 presumat.
1690 1686 1769 1748 Quod
1789 1689 1812 1737 si
1839 1703 1872 1736 ex
1898 1687 1959 1752 ipso
1985 1703 2048 1737 cou-

1250 1794 1326 1859 iugio
1346 1790 1395 1842 lilii
1409 1809 1462 1844 non
1476 1793 1577 1843 suerint
1588 1794 1725 1858 procreati
1732 1787 1790 1855 m,
1810 1794 1938 1858 quicquid
1952 1793 2049 1844 mulier

1250 1900 1283 1950 ds
1303 1901 1384 1950 rebus
1402 1901 1454 1950 sibi
1474 1900 1583 1950 donatis
1601 1887 1694 1950 iuxta
1712 1888 1928 1974 prescriptum
1952 1897 2047 1952 testa·

1248 1993 1328 2057 toris
1354 1992 1499 2057 ordinem
1526 2009 1618 2058 fucere
1647 2006 1771 2072 eligerit,
1803 2006 1918 2058 liberem
1950 2009 2048 2059 lrabeat
2066 2015 2090 2054 ¹⁶

1249 2119 1421 2180 potestatem.
1464 2113 1592 2166 Ceterum
1619 2116 1642 2164 si
1667 2116 1797 2165 intestata
1822 2116 1988 2172 discesserit,
2014 2115 2047 2165 ad

1250 2221 1375 2271 meritum
1395 2222 1461 2282 eius,
1480 2223 1503 2271 si
1523 2222 1673 2288 subprestis
1687 2223 1815 2282 extiterit,
1830 2222 1943 2272 donatio
1961 2239 2048 2272 rever·

1250 2333 1334 2378 tatur.
1369 2327 1417 2378 Sin
1436 2335 1527 2379 eutem
1547 2330 1660 2380 meritus
1679 2345 1734 2380 uon
1760 2330 1848 2389 buerit,
1874 2328 1909 2378 ud
1935 2329 2048 2379 heredes

1250 2436 1348 2493 meriti,
1368 2437 1414 2500 qui
1433 2436 1608 2486 donationem
1627 2436 1701 2494 feeit,
1728 2435 1823 2486 eadem
1848 2436 1963 2486 donatio
1989 2452 2047 2500 per-

1249 2542 1354 2592 tinebit.
1408 2541 1528 2592 Similem
1560 2543 1692 2593 retionem
1723 2543 1757 2594 de
1788 2544 1853 2593 viris
1885 2544 2048 2609 precipimus
2066 2552 2092 2591 20

1251 2648 1381 2698 custodiri
1403 2649 1436 2699 de
1462 2650 1513 2709 his,
1539 2665 1592 2714 que
1618 2650 1653 2699 nb
1680 2651 1808 2700 uxoribus
1833 2655 1956 2715 tempore
1983 2665 2048 2714 quo·

1250 2770 1365 2820 cumque
1384 2755 1486 2805 donata
1504 2757 1683 2821 perceperint.

1294 2911 1321 2976 ⁸¹)
1344 2915 1399 2965 Vr.
1420 2917 1444 2965 8.
1466 2917 1499 2965 18
1523 2915 1600 2967 adda
1627 2917 1657 2965 et
1682 2911 1718 2966 de
1743 2911 1843 2982 quinte
1871 2913 2050 2967 tantumdem

1338 3025 1420 3089 perte
1446 3036 1541 3073 carum
1564 3036 1658 3072 rerum
1681 3017 1804 3073 faciendi
1830 3021 1905 3090 quod
1929 3019 2050 3076 voluerit

1339 3131 1512 3196 potest-atem
1547 3125 1692 3192 obtineut3
1727 3129 1782 3178 Vs
1812 3139 1944 3195 praeterea
1973 3131 2049 3182 odd.-
2067 3139 2091 3180 ro

1339 3233 1552 3300 Verumtamen,
1578 3250 1641 3286 curn
1663 3233 1828 3303 provenerit
1852 3233 1889 3288 ab
1913 3234 1975 3305 ipso
1992 3235 2049 3289 viro

1339 3357 1450 3393 suorum
1474 3356 1566 3394 rerum
1589 3357 1655 3409 pers
1675 3339 1774 3410 quinte
1790 3339 1965 3410 quibuslibet
1983 3348 2049 3396 ante

1339 3462 1394 3499 non
1419 3462 1481 3501 esse
1506 3445 1621 3500 donate.

1274 3551 1318 3618 11*)
1341 3555 1394 3606 Ee
1412 3556 1447 3606 al.
1466 3573 1533 3606 rnen.
1555 3555 1632 3606 add:
1659 3554 1786 3624 exeeptis
1809 3553 1955 3625 frugibus3
1987 3559 2011 3608 V
2026 3561 2048 3610 2.

1339 3666 1364 3713 4.
1392 3664 1422 3714 8:
1455 3659 1583 3730 exeeptis
1606 3659 1735 3730 frugibus
1766 3667 1795 3715 et
1827 3661 1927 3732 quinta
1956 3668 2049 3732 parte,
2067 3673 2092 3712 to

1339 3774 1372 3820 ut
1395 3767 1500 3820 dietum
1526 3773 1579 3832 eet,
1603 3767 1705 3822 mulier
1727 3766 1869 3835 alienare3
1901 3772 1971 3822 1'3:
2002 3787 2049 3822 ex-

1340 3873 1431 3944 ceptis
1450 3872 1578 3944 frugibus
1597 3873 1698 3928 mulier
1720 3873 1862 3940 elicuere3
1887 3879 1944 3930 1⁷5.
1964 3879 2049 3930 Mad:

1340 3979 1441 4034 mulier
1465 3980 1591 4051 exceptis
1614 3980 1753 4034 inretibus
1777 3981 1912 4036 alienare.

1259 4085 1318 4153 Μ)
1341 4091 1398 4140 Vr.
1418 4093 1434 4141 8
1452 4091 1528 4140 add:
1555 4093 1604 4140 aut
1628 4095 1748 4158 nepotes
1771 4105 1827 4142 non
1851 4096 1927 4142 suut.

1303 4259 1335 4320 V,
1356 4261 1379 4318 2,
1400 4261 1424 4308 4.
1462 4261 1478 4309 1.
1495 4262 1516 4309 l.
1536 4258 1579 4310 vel
1598 4261 1692 4310 utendi
1710 4260 1761 4311 der.
1780 4260 1808 4310 E
1819 4263 1843 4311 2.
1876 4261 1884 4321 ll
1916 4263 1932 4313 l.
1953 4263 1977 4312 2.
2004 4279 2049 4329 po-
2068 4270 2093 4310 ⁸5

1250 4345 1312 4412 tuit]
1332 4350 1420 4415 poteri
1440 4347 1468 4398 E
1478 4351 1502 4398 2.
1539 4344 1601 4413 usu]
1621 4350 1655 4399 ad
1675 4365 1750 4399 nsum
1772 4349 1799 4399 Ε
1808 4352 1832 4400 2.
1865 4349 1874 4410 ll
1906 4351 1923 4401 l.
1940 4353 1965 4402 3.
1990 4369 2049 4416 per·

1251 4440 1355 4504 ceperit
1371 4438 1427 4488 Vl.
1448 4439 1473 4488 3.
1487 4441 1511 4487 4.
1527 4440 1567 4488 18.
1582 4441 1624 4489 20.
1662 4440 1788 4489 omnibus
1804 4439 1827 4488 V
1834 4442 1858 4490 2.
1872 4442 1895 4489 8.
1918 4440 1926 4498 Η
1944 4441 1961 4490 l.
1973 4443 1997 4491 4.
2011 4443 2048 4490 in-

1251 4528 1436 4593 quietudinem
1458 4527 1484 4576 Ε
1493 4530 1518 4579 2.
1550 4527 1559 4588 ΙΙ
1591 4529 1607 4578 l.
1628 4530 1652 4578 5.
1677 4534 1770 4579 utetur
1789 4528 1844 4578 Vl.
1877 4527 1886 4586 ll
1918 4531 1934 4580 l.
1948 4532 1972 4580 1.
1995 4531 2049 4580 fru-

1251 4611 1339 4682 gibus]
1358 4618 1493 4667 tructibus
1511 4616 1539 4667 E
1551 4620 1574 4668 l.
1600 4615 1609 4677 ll
1636 4617 1652 4667 1.
1667 4619 1691 4668 S.
1713 4633 1763 4667 suo
1783 4617 1811 4668 Ε
1821 4619 1845 4668 2.
1869 4619 1878 4677 ΙΙ
1901 4619 1917 4669 1.
1934 4621 1974 4669 10.
1994 4621 2049 4669 cui·

1251 4701 1341 4771 quarn]
1362 4706 1399 4756 ito
1418 4705 1445 4755 E
1457 4710 1480 4756 1.
1501 4706 1585 4766 Pium
1611 4707 1757 4773 quicquum
1776 4705 1838 4757 Ε2.
1858 4707 1915 4758 ΓΙ.
1935 4710 1959 4758 3.
1980 4711 2004 4758 4.
2025 4711 2049 4759 5.
2066 4716 2093 4755 40

1251 4795 1347 4844 exinde
1367 4821 1402 4828 -
1420 4797 1566 4862 quicquam
1584 4795 1635 4850 des.
1654 4796 1712 4846 Vr.
1765 4804 1879 4862 exceptu
1899 4796 1926 4847 Ε
1937 4799 1960 4847 2.
1981 4797 2049 4848 Pru.

1251 4885 1267 4934 l.
1290 4886 1330 4933 11.
1358 4879 1396 4948 ut]
1417 4885 1491 4949 quod
1510 4884 1572 4934 Ε2.
1628 4887 1721 4950 quinte
1746 4893 1824 4952 perte
1851 4886 1919 4936 Pitlr.
1975 4888 2048 4952 quic-

1250 4967 1341 5037 quam]
1363 4974 1409 5024 det
1428 4974 1461 5023 do
1481 4973 1543 5024 Ε2.
1599 4969 1685 5038 eliud]
1710 4973 1775 5025 illut
1796 4975 1865 5038 Ε2;
1891 4974 1960 5026 illud
1985 4993 2048 5026 corr.

1250 5060 1327 5112 uliud
1346 5062 1402 5113 Vl.
1432 5061 1440 5122 ll
1470 5064 1542 5113 1.12.
1562 5062 1660 5114 mulier
1678 5064 1744 5114 deest
1762 5063 1819 5114 Vl.
1847 5063 1856 5124 ll
1883 5065 1955 5114 1.14.
1975 5067 2049 5115 iusta

1251 5150 1278 5200 Ε
1288 5153 1312 5202 2.
1345 5151 1353 5212 Η
1385 5152 1402 5201 1.
1423 5153 1465 5202 15.
1491 5151 1604 5219 elegerit
1623 5153 1649 5202 V.
1682 5153 1691 5213 ll
1723 5154 1740 5204 l.
1761 5155 1802 5204 17.
1828 5149 1989 5218 subprestis]
2013 5155 2092 5204 itam

1250 5239 1278 5290 Ε
1288 5242 1319 5302 2;
1339 5243 1489 5306 srrpprestis
1510 5242 1532 5289 V
1542 5245 1565 5292 3.
1586 5245 1610 5291 4.
1624 5241 1714 5302 Mad.,·
1731 5243 1863 5308 superetis
1877 5242 1905 5292 Ε
1914 5245 1936 5292 Ι.
1952 5243 2048 5305 t'1.5;

1250 5337 1387 5396 superstes
1409 5331 1464 5380 Vr.
1488 5330 1555 5380 Pero.
1587 5331 1596 5391 ll
1628 5331 1645 5380 l.
1667 5333 1707 5382 18.
1735 5325 1792 5396 Sin]
1813 5331 1841 5382 Si
1861 5331 1923 5382 ΕΙ.
1944 5333 2001 5382 1'1.
2024 5335 2048 5383 2.

1249 5419 1266 5468 l.
1282 5421 1322 5468 19.
1342 5414 1417 5482 fecit]
1440 5421 1602 5485 conscripsit
1621 5420 1644 5468 V
1655 5423 1678 5470 1.
1698 5422 1779 5470 5.18.
1802 5419 1811 5482 ll
1834 5421 1850 5470 l.
1864 5421 1906 5470 20.
1927 5420 2049 5472 Similem

1249 5503 1393 5571 rationem]
1416 5507 1500 5558 Simili
1522 5511 1625 5559 ratione
1646 5516 1672 5559 et
1691 5509 1718 5558 Ε
1729 5511 1754 5560 2.
1773 5510 1848 5559 V18.
1875 5509 1883 5570 ll
1909 5510 1926 5560 l.
1941 5512 1983 5561 21.
2003 5526 2049 5559 cu-

1249 5598 1350 5648 stodire
1370 5597 1426 5646 Vl.
1482 5599 1528 5662 qui
1552 5597 1688 5648 Ε1.1’2.
1743 5605 1865 5664 tempore
1893 5599 1960 5649 deest
1984 5599 2009 5648 V
2024 5602 2048 5650 3.
2066 5605 2092 5645 oo

1249 5687 1266 5737 l.
1287 5689 1328 5736 30.
1355 5688 1474 5750 quintum
1495 5695 1597 5752 partem
1618 5687 1674 5737 Ve.
