4478 6246
474 318 537 381 120
1005 324 1085 378 LEX
1108 320 1413 384 VISIGOTHORUM
1435 323 1474 391 11,
1493 323 1523 390 5,
1543 321 1594 380 19.

311 519 349 589 11,
364 521 391 590 5,
404 520 450 577 19.
469 518 562 589 Non}
629 511 820 597 negotiose
848 533 923 574 eum
953 509 1017 573 elio
1046 518 1214 595 presumat
1243 507 1383 574 vinculis
1414 519 1545 574 nectere
1575 511 1750 574 iuramenti
1781 518 1837 574 eut
1867 511 1902 573 in
1933 509 2124 596 deceptione

634 618 802 704 potcstatis
831 617 921 703 regie
952 615 1005 681 vel
1040 614 1214 681 cuiuslibet
1243 614 1375 680 alterius
1405 625 1472 681 tem
1502 616 1659 682 scelerate
1690 615 1814 682 fraudis
1846 615 1967 681 audeat
1997 618 2124 681 actione

630 724 818 810 constringi.
867 723 903 789 Si
927 723 999 810 quis
1023 745 1101 788 vero
1125 722 1242 787 amodo
1266 722 1369 806 aliter,
1401 745 1499 810 quern
1522 726 1715 812 premissum
1739 735 1798 808 est,
1828 721 2018 788 huiusmodi
2040 724 2124 788 iure·

628 839 736 895 mento
769 853 804 894 se
828 829 961 916 alligare
993 831 1213 916 presumserit,
1243 829 1329 894 illius
1360 851 1394 894 se
1426 831 1554 895 noverit
1583 830 1665 918 legis
1695 830 1821 918 perouli
1851 830 2031 912 sanctione,
2045 827 2049 838 '
2064 853 2125 918 que

628 935 762 1024 perfidis
785 937 932 1002 noscitur
955 946 988 1002 et
1011 947 1125 1001 contra
1147 958 1259 1022 regem
1282 935 1455 1022 agentibus
1478 937 1684 1024 promulgata
1709 937 1851 1002 existere
1864 941 1883 1000 ¹.
2143 964 2156 1003 s

575 1245 614 1304 11,
635 1247 659 1304 5,
681 1247 722 1295 19.
759 1247 776 1296 l.
792 1247 815 1295 1.
835 1261 897 1295 curn
917 1239 983 1310 elio]
1003 1252 1050 1295 eut
1071 1245 1140 1296 otios
1162 1245 1184 1293 1⁷
1194 1247 1218 1295 3.
1259 1245 1287 1295 in
1306 1240 1479 1311 deceptione]
1499 1247 1527 1297 in
1547 1247 1736 1312 deceptionem
1760 1247 1814 1298 1'3.
1836 1249 1866 1308 53
1886 1247 1920 1297 de
1941 1248 2125 1312 inceptionem

473 1334 531 1383 Vr.
563 1335 572 1394 ss
604 1335 621 1384 ἱ.
641 1337 665 1385 2.
692 1351 721 1384 se
742 1335 843 1385 audeat
862 1335 918 1384 1‘3.
951 1333 959 1392 ii
991 1335 1008 1384 l.
1029 1336 1053 1384 3.
1081 1335 1266 1400 constringere
1287 1334 1310 1381 V
1319 1336 1344 1394 5,
1364 1333 1406 1383 nbi
1425 1336 1534 1385 actione
1553 1335 1626 1386 deest.
1659 1335 1668 1396 ΙΙ
1701 1337 1762 1386 14.
1788 1331 2124 1402 alligare]anigari1'o;

467 1422 569 1488 illigari
595 1423 618 1470 V
633 1425 657 1473 2.
712 1421 788 1473 itlius
807 1439 836 1474 se
856 1424 962 1474 noverit
981 1423 1031 1473 des.
1051 1423 1108 1473 Vs.
1164 1418 1279 1489 percuti]
1301 1422 1339 1474 ito
1363 1423 1424 1474 ΓΒ.
1449 1423 1534 1486 I's'tlr.;
1558 1423 1673 1491 percelli
1699 1425 1768 1486 1753
1795 1425 1912 1491 periculi
1934 1424 1998 1476 Ee.
2019 1425 2075 1475 1⁷1.
2095 1428 2124 1484 23

468 1511 598 1576 periculis
619 1512 642 1562 V
651 1514 676 1563 3.
696 1515 719 1562 4.
740 1511 811 1562 Mad.
867 1529 920 1578 que
940 1506 1058 1578 perfidis]
1080 1513 1145 1578 quid
1169 1511 1279 1578 perfidis
1299 1512 1368 1574 E2;
1395 1514 1508 1578 que-de
1535 1531 1561 1580 p.
1587 1513 1611 1562 Γ
1625 1517 1650 1563 3.
1685 1513 1694 1576 Η
1730 1515 1746 1564 l.
1767 1517 1791 1566 5.
1819 1510 1946 1578 existere]
1972 1515 2125 1566 subiacebit

466 1599 527 1650 add.
547 1601 605 1652 Vo.
2144 1617 2168 1655 ιο

578 1781 606 1851 l)
631 1781 787 1858 Releyator
811 1780 853 1838 dis
875 1781 967 1839 cobis
989 1783 1031 1839 ad
1052 1783 1138 1858 tepens
1162 1781 1202 1852 II,
1226 1783 1253 1853 l,
1275 1783 1304 1838 8.
