4448 6226
800 1312 1699 1466 ADDITAMENTUM.

423 1603 542 1680 CAPI
545 1603 609 1677 TA
630 1598 922 1677 INFERIORI
942 1599 1016 1672 ΑΕ
1023 1596 1087 1674 VO
1113 1597 1181 1671 IN
1196 1595 1449 1673 SINGULIS
1469 1593 1751 1676 CODIOIBUS
1768 1598 2075 1677 ADSCRIPTA.

877 1830 904 1889 1.
945 1825 1048 1912 Caput
1070 1827 1218 1890 insertum
1244 1827 1278 1888 ia
1302 1825 1339 1888 L.
1363 1825 1426 1889 Vn.
1452 1825 1499 1904 II,
1521 1827 1623 1906 1,25.

657 1970 719 2036 si¹
750 1969 798 2034 de
829 1965 1109 2032 facultatibus
1140 1965 1206 2030 vel
1237 1964 1360 2030 rebus
1391 1967 1581 2031 maximis
1612 1967 1836 2033 iudicetur.

527 2095 624 2177 Quod
655 2096 682 2160 si
712 2095 867 2181 placitum
899 2103 948 2156 est
978 2091 1018 2156 de
1049 2089 1189 2176 grandes
1225 2113 1358 2173 causas,
1393 2090 1494 2155 iudex
1529 2102 1603 2156 ante
1639 2091 1751 2156 ambas
1785 2104 1895 2180 partes
1926 2095 1967 2159 de
2002 2095 2105 2162 illoss

420 2205 576 2285 homines,
609 2203 664 2290 qui
694 2199 817 2266 habent
846 2201 917 2288 ipso
947 2199 1077 2286 placite,
1109 2197 1231 2262 scribat
1258 2211 1285 2262 11
1316 2197 1437 2262 iudicia
1467 2197 1507 2262 de
1539 2198 1636 2263 simili
1666 2201 1899 2286 compositione
1933 2213 1966 2266 et
1999 2201 2074 2267 sub-

419 2312 594 2398 scriptione
619 2318 652 2374 et
675 2308 774 2374 donet
796 2331 896 2372 unum
920 2306 962 2371 ad
985 2327 1083 2370 unam
1106 2315 1231 2391 partem
1256 2303 1296 2368 de
1320 2303 1383 2368 illis
1408 2315 1440 2368 et
1470 2304 1606 2370 alterum
1637 2305 1679 2370 ad
1709 2306 1843 2372 alteram
1873 2319 2002 2394 partem
2034 2309 2073 2374 de

419 2417 492 2498 illis,
517 2418 573 2506 qni
597 2415 720 2482 habent
741 2415 896 2501 placitum
920 2415 1004 2478 inter
1028 2435 1072 2476 se.
1120 2410 1170 2476 Ac
1201 2412 1228 2474 si
1258 2433 1323 2476 non
1354 2422 1404 2476 est
1432 2410 1586 2498 placitum
1619 2412 1659 2477 de
1690 2413 1830 2498 grandes
1861 2437 1989 2494 causas,
2020 2416 2074 2481 ille

420 2525 525 2608 homo,
550 2525 606 2611 qui
630 2523 759 2609 accepit
781 2520 834 2586 vel
858 2520 1065 2607 recuperavit
1088 2519 1156 2582 sive
1181 2516 1376 2582 deliberavit
1399 2517 1462 2582 sibi
1486 2541 1579 2584 suurn
1604 2519 1773 2602 directum,
1803 2519 1939 2586 habebit
1963 2545 2074 2588 secum

420 2633 579 2719 scriptum
613 2653 672 2694 sen
706 2628 935 2708 creditionem‚
976 2625 1136 2714 quomodo
1171 2625 1347 2690 iudicatum
1383 2635 1448 2706 est,
1488 2635 1521 2688 et
1554 2647 1613 2711 per
1647 2627 1753 2712 ipsum
1787 2627 1944 2693 indicium
1980 2653 2117 2696 suumn

420 2739 580 2804 directum
604 2737 732 2825 eripuit.
779 2736 823 2800 Et
846 2734 910 2816 ille,
934 2735 991 2820 qui
1014 2734 1120 2797 victus
1144 2742 1193 2796 est
1215 2754 1275 2818 per
1297 2731 1464 2814 iudicium,
1495 2730 1628 2797 habebit
1652 2733 1787 2799 similem
1817 2734 2009 2801 translatum
2033 2737 2073 2801 de

420 2846 499 2932 ipsis
531 2843 788 2924 conditionibus,
819 2840 953 2906 habebit
982 2841 1144 2904 finnatum
1174 2836 1216 2902 ab
1247 2837 1332 2902 illius
1363 2836 1516 2914 testibus,
1548 2839 1604 2925 qui
1634 2839 1836 2912 firmaverint
1865 2864 1899 2906 se
1929 2843 1964 2906 in
1994 2845 2074 2930 ipsis

421 2949 662 3017 conditionibus
686 2949 891 3037 supradictis.
938 2947 981 3012 Et
1004 2947 1031 3010 si
1055 2945 1117 3010 hoc
1141 2945 1194 3010 ille
1219 2967 1302 3009 unus
1333 2945 1414 3010 alter
1444 2967 1478 3008 se
1509 2945 1676 3032 querebat,
1708 2969 1742 3012 se
1774 2952 2003 3035 recognoverit
2034 2951 2074 3015 de

420 3058 590 3146 praedicta
613 3079 713 3122 causa
735 3056 816 3121 iuris
840 3054 1038 3141 querelantis
1062 3075 1144 3133 esse,
1169 3062 1202 3116 ct
1223 3061 1323 3116 testes
1346 3075 1411 3116 non
1434 3051 1555 3134 fuerint
1578 3052 1655 3135 dati,
1679 3064 1787 3118 tamen
1810 3077 1876 3120 non
1901 3059 2073 3122 contencio

420 3167 484 3230 iam
509 3164 648 3252 amplius
672 3172 793 3248 surgat,
819 3163 974 3248 scriptum
999 3158 1096 3225 debet
1119 3181 1191 3222 esse
1215 3169 1248 3223 ct
1270 3158 1432 3223 firmatum
1456 3182 1554 3224 manu
1577 3159 1705 3224 iudicis.
1751 3161 1795 3226 Et
1824 3163 1852 3226 si
1882 3162 1944 3228 hoc
1977 3164 2075 3230 fircrit
2094 3195 2116 3234 n

420 3295 504 3337 unus
526 3271 633 3352 homo,
658 3269 778 3334 habeat
800 3281 910 3350 testes,
943 3278 975 3333 ct
1000 3267 1075 3331 dum
1106 3275 1169 3331 stat
1198 3265 1308 3348 iudex,
1341 3275 1377 3332 nt
1406 3267 1543 3352 recipiat
1572 3266 1700 3331 illarum
1730 3269 1961 3353 testimonium,
1993 3271 2075 3336 alter

420 3379 526 3461 homo,
551 3378 639 3465 apud
662 3400 760 3464 quem
781 3374 881 3440 habet
905 3375 1155 3454 contentionem,
1180 3371 1340 3436 subtrahit
1358 3395 1393 3436 se
1410 3372 1450 3437 de
1467 3372 1587 3438 iudicio
1604 3385 1786 3460 propterea,
1803 3386 1838 3440 ut
1852 3377 2074 3443 testimonium

420 3509 485 3551 non
515 3487 662 3572 recipiat,
694 3484 734 3548 de
765 3483 828 3548 illis
858 3480 995 3548 testibus
1025 3480 1123 3545 liceat
1150 3479 1251 3544 iudici
1281 3481 1431 3566 accipere
1462 3479 1590 3544 illorum
1619 3482 1848 3566 testimonium,
1879 3486 2073 3571 consignare

420 3592 508 3657 illam
532 3615 600 3656 rem
625 3614 725 3656 unum
747 3590 903 3677 placitum
928 3598 1089 3653 comotum
1114 3587 1202 3651 etin
1225 3597 1384 3673 potestate
1408 3586 1504 3668 illius,
1529 3588 1586 3674 qui
1609 3586 1680 3651 illos
1704 3598 1802 3653 testes
1826 3589 2013 3656 adduxerit.

830 3805 859 3866 2.
900 3803 1015 3888 (lapita-
1039 3805 1156 3866 altaerta
1180 3805 1213 3866 in
1238 3801 1276 3865 L.
1300 3803 1362 3865 Va.
1388 3801 1469 3882 XII,
1492 3803 1511 3864 2
1537 3805 1570 3866 r'n
1586 3803 1664 3890 firm.

1226 3943 1267 4007 A.

711 4069 877 4135 Titulus
908 4067 955 4132 de
986 4068 1194 4132 conviciis
1225 4077 1264 4131 et
1293 4067 1436 4133 verbis
1469 4067 1613 4134 odiose
1646 4068 1785 4134 dictis.

529 4197 554 4261 Ι.
591 4195 649 4262 Si²
672 4196 744 4281 quis
768 4191 929 4257 violentus
953 4192 1048 4256 homo
1073 4203 1186 4256 contra
1208 4191 1373 4256 hominem
1395 4192 1512 4279 aliquis
1537 4192 1580 4257 ad
1595 4191 1737 4280 aliquem
1754 4193 1874 4259 dixerit
1889 4218 2073 4262 macrosum

422 4305 528 4391 capite
568 4302 620 4367 vel
656 4303 801 4382 cervice,
838 4309 870 4364 et
903 4299 956 4363 ille
991 4321 1056 4363 non
1090 4297 1257 4381 habuerit,
1300 4300 1353 4365 cui
1395 4298 1530 4382 dixerit,
1572 4300 1760 4365 criminator
1801 4310 1956 4368 extensus
1998 4317 2072 4368 ante

422 4411 564 4476 iudicem
587 4424 610 4473 L
633 4407 764 4494 flagella
786 4407 952 4492 suscipiat.
2090 4447 2114 4486 ᾗ

528 4516 572 4581 Π.
620 4514 655 4580 Si
680 4515 752 4601 quis
775 4511 994 4599 genebrosum
1017 4511 1070 4576 vel
1094 4523 1257 4576 cotrosum
1280 4510 1410 4594 dixerit,
1441 4523 1473 4578 et
1500 4513 1552 4578 ille
1576 4535 1642 4578 non
1665 4513 1826 4597 habuerit,
1857 4517 1911 4580 cui
1942 4516 2072 4598 dixerit,

423 4623 527 4688 dictor
551 4622 693 4688 criminis
718 4630 873 4685 extensus
897 4630 971 4684 ante
995 4618 1138 4684 iudicem
1161 4632 1207 4682 CL
1230 4617 1359 4704 flagella
1383 4621 1548 4708 suscipiat.

531 4826 553 4874 1.
582 4823 641 4874 (lod.
661 4822 709 4870 1⁷4
725 4821 827 4886 praebet
844 4821 872 4870 ia
890 4820 928 4880 II,
951 4823 973 4882 1,
993 4822 1027 4870 25
1046 4820 1111 4870 inter
1129 4825 1252 4870 movetur
1270 4827 1294 4870 et
1312 4820 1341 4870 si
1359 4836 1426 4870 vero
1444 4837 1522 4885 supra
1541 4839 1565 4886 p.
1580 4821 1622 4883 72,
1642 4822 1658 4872 l.
1676 4823 1700 4872 5.
1720 4825 1745 4873 6.
1774 4847 1807 4856 -
1834 4823 1851 4873 1.
1871 4825 1897 4874 4.
1924 4821 2070 4889 iudicetur]

422 4923 453 4968 ut
472 4915 571 4966 dicitnr
590 4912 647 4961 Vt.
679 4909 687 4969 {l
719 4911 736 4961 l.
757 4912 781 4964 5.
809 4904 900 4973 Quod]
920 4911 966 4975 qui
986 4909 1043 4959 Vl,
1083 4905 1209 4974 grandes]
1230 4904 1315 4974 §rides
1335 4909 1393 4958 1⁷4.
1433 4911 1525 4960 ambas
1546 4910 1603 4961 Vs.
1634 4909 1643 4970 ll
1675 4912 1693 4962 l.
1713 4913 1736 4962 8.
1764 4907 1890 4978 grandes]
1909 4912 1996 4980 findas
2016 4916 2071 4966 1³4.

422 5007 502 5060 110.
530 4995 719 5063 creditionem]
733 4999 843 5064 sormam
863 5000 1033 5050 conditiones
1052 4998 1232 5064 corriqersdum.
1265 4995 1274 5056 ll
1306 4999 1322 5049 l.
1344 5000 1384 5049 14.
1414 4994 1512 5062 tamen]
1531 5004 1560 5050 tn
1580 4999 1636 5050 Vl.
2088 5023 2112 5062 ω

529 5095 553 5144 2·
585 5105 619 5155 n.
638 5105 671 5156 Β.
705 5105 783 5156 eoae.
802 5106 858 5156 Vs.
881 5107 912 5155 15
931 5103 975 5166 (=
995 5105 1067 5156 naa
1089 5123 1116 5170 p.
1137 5102 1207 5166 147).
1229 5106 1269 5156 rr.
1291 5106 1332 5154 re.
1354 5107 1395 5155 ra.
1425 5129 1456 5139 -
1485 5105 1501 5156 ι.
1522 5108 1564 5157 22.
1591 5104 1697 5157 Titulus
1720 5107 1753 5158 re
1773 5110 1907 5159 convicia
1927 5135 1961 5144 —
1981 5112 2004 5162 1.
2022 5111 2072 5162 aa.

428 5191 491 5243 Vs.
523 5191 532 5253 ll
564 5192 580 5243 l.
601 5196 643 5244 23.
671 5194 693 5244 1.
712 5194 783 5244 Mod.
802 5203 861 5245 ante
878 5195 1003 5244 naricam
1018 5195 1111 5259 foruit.
1149 5211 1302 5246 marcorum
1322 5195 1397 5246 l'lt'r.
1429 5193 1437 5254 ll
1469 5196 1487 5246 l.
1506 5197 1548 5245 24.
1577 5191 1694 5258 cervice}
1715 5198 1817 5248 vertice
1841 5197 1865 5246 l'
1879 5199 1919 5249 19.
1952 5199 1961 5260 ll
1993 5201 2010 5251 1.
2030 5201 2071 5252 26.

422 5287 563 5348 gottorum
583 5283 658 5333 Vls.

533 5463 561 5533 l)
587 5464 650 5522 Hoc
673 5473 758 5540 capul
774 5464 895 5540 praebet
911 5464 1120 5540 paraphrasim
1143 5464 1213 5521 satis
1235 5463 1413 5522 barbaricam
1431 5473 1457 5522 et
1471 5465 1551 5522 land
1565 5467 1656 5541 plane
1678 5465 1873 5544 iutelllqlbr'lem
1896 5468 1984 5545 ἱρείη(
2006 5471 2072 5548 leyis

423 5568 463 5640 II,
491 5571 518 5640 l,
544 5569 595 5627 25.
684 5570 714 5638 2)
742 5571 884 5641 Convicia,
909 5589 982 5646 quae
1005 5591 1027 5626 c.
1056 5571 1142 5626 1-3
1167 5572 1308 5643 reserant,
1333 5571 1519 5648 interpretari
1540 5593 1596 5630 aon
1620 5593 1706 5630 aaran
1727 5593 1796 5631 rum.
1838 5575 1930 5633 Verba
1953 5577 2110 5634 obscurans

423 5677 464 5733 ad
485 5676 612 5754 corpora
636 5678 762 5749 desectam
784 5685 913 5752 spectare
934 5677 1073 5734 videatur.
