4432 6232
415 313 477 376 160
947 319 1026 374 LEX
1049 315 1352 376 VlSlGOTHORUM
1373 316 1522 386 111,o,2.

254 517 311 589 ΙΙΙ,
323 515 353 588 5,
364 514 392 572 2.
412 518 506 571 naso.
516 515 604 586 Era}
624 506 765 593 denique
781 528 801 571 a
816 506 924 571 multis
940 515 1054 570 contra
1069 504 1178 570 divine
1193 503 1276 591 legis
1291 504 1413 568 monita
1428 503 1481 569 vel
1497 513 1609 568 contra
1624 503 1775 569 honestos
1790 505 1857 568 vite
1874 506 2053 570 eommunis

412 635 517 678 mores
540 612 675 677 devotas
699 611 772 678 Deo
795 613 939 699 virgines
971 621 1004 676 et
1031 611 1262 676 continentiam
1285 609 1450 675 viduitatis
1481 633 1554 676 curn
1583 611 1845 678 benedictionem
1874 609 2053 675 sacerdotis

412 721 504 785 iuxta
526 741 650 784 morem
672 742 833 785 canonum
855 718 1043 807 profitentes
1067 740 1124 782 seu
1147 717 1323 783 adfinitatis
1344 719 1624 804 consanguinitate
1640 721 1828 785 coniunctas
1844 717 1982 782 feminas
1998 727 2054 783 aut

411 825 571 891 violenter
600 835 656 891 aut
685 849 744 914 per
773 847 967 890 consensum
999 823 1062 888 sibi
1092 825 1247 910 coniuges
1277 846 1404 888 sumere
1439 834 1472 889 et
1500 824 1573 890 Deo
1608 825 1749 891 dicatam
1783 825 1967 890 castitatem
2000 822 2053 888 vel

412 1040 586 1122 temeritas,
617 1039 694 1105 dum
724 1039 777 1106 vel
807 1063 828 1104 a
856 1040 935 1103 viris
964 1038 1019 1102 vel
1048 1061 1068 1102 a
1097 1037 1226 1102 feminis
1257 1037 1403 1102 eiusdem
1432 1038 1642 1124 professionis
1672 1038 1861 1120 admittitur,
1892 1047 1925 1102 et
1955 1038 2053 1101 castis

412 1144 543 1211 aborret
572 1144 715 1211 moribus
745 1156 777 1210 et
807 1145 904 1210 fidem
933 1168 1046 1210 veram
1076 1146 1245 1231 inpugnat.
1299 1142 1450 1208 Zelamus
1481 1145 1567 1209 enim
1596 1168 1655 1232 pro
1685 1145 1855 1228 veritatem
1889 1143 1959 1208 nelo
1989 1143 2054 1208 Dei

412 1251 520 1339 adque
544 1251 717 1318 ecclesiam
740 1262 887 1318 sanctam
910 1250 1103 1316 catholicam
1127 1250 1176 1314 his
1192 1249 1270 1315 fidei
1291 1261 1400 1316 nostre
1418 1273 1647 1317 conmonemus
1664 1250 1812 1334 decretis,
1836 1261 1872 1317 ut
1888 1249 2054 1337 deinceps,

412 1360 497 1424 sicut
527 1369 559 1424 et
588 1377 729 1424 canones
764 1359 999 1424 ecelesiasticil
1029 1355 1193 1444 proibent,
1228 1357 1334 1422 nullus
1364 1356 1437 1421 Deo
1467 1356 1619 1422 devotam
1648 1358 1822 1444 virginem,
1856 1355 1965 1422 nullus
1994 1356 2054 1422 sub

412 1464 578 1551 religionis
607 1464 732 1530 abitum
761 1466 990 1530 consistentem
1021 1465 1090 1529 sive
1120 1463 1286 1529 viduitatis
1317 1465 1548 1529 continentiam
1577 1465 1781 1550 profitentem
1811 1485 1869 1528 seu
1903 1475 2056 1550 agentem
2076 1487 2105 1526 m

412 1573 624 1658 penitentiam
647 1571 700 1637 vel
723 1573 773 1637 sui
796 1573 979 1659 proximam
1003 1572 1132 1656 generis
1155 1580 1211 1636 aut
1234 1592 1317 1652 eam,
1341 1569 1381 1634 de
1406 1572 1498 1636 cuius
1528 1570 1728 1636 admixtione
1757 1571 1915 1646 incestiva
1945 1580 2057 1635 notam

412 1679 515 1765 possit
538 1678 647 1744 subire
670 1677 803 1744 infamio
814 1683 835 1762 ²,
864 1700 929 1743 non
957 1677 1046 1744 licito
1077 1676 1216 1743 conubio
1247 1688 1302 1742 aut
1323 1678 1390 1742 vim
1420 1687 1477 1742 aut
1507 1699 1667 1743 consensu
1696 1678 1838 1766 accipiat
1865 1679 2056 1764 coniugem3

414 1787 491 1872 quia
513 1807 574 1850 nec
597 1808 710 1850 verum
733 1786 852 1872 poterit
874 1807 945 1850 esse
970 1785 1166 1871 coniugium,
1191 1783 1279 1871 quod
1301 1806 1322 1848 a
1336 1784 1462 1850 meliori
1476 1785 1641 1872 proposito
1658 1783 1828 1850 deducitur
1843 1783 1886 1849 ad
1901 1784 2058 1866 deterius,

413 1902 446 1957 et
469 1890 529 1957 sub
552 1892 627 1956 falsi
649 1892 788 1956 nominis
813 1890 931 1978 copula
952 1891 1113 1957 incestiva
1141 1890 1276 1978 pollutio
1306 1901 1339 1957 et
1368 1890 1590 1956 fornicationis
1619 1890 1812 1957 inmunditia
1839 1901 2058 1979 perpetratur.

412 1997 486 2062 Hoc
515 2021 592 2063 vero
623 1999 715 2062 nefas
745 1998 771 2062 si
802 2019 899 2084 agere
930 1997 1046 2062 amodo
1075 1998 1317 2084 provinciarum
1338 2007 1520 2062 nostrarum
1553 1996 1725 2063 cuiuslibet
1753 1999 1881 2084 gentis⁸
1908 1997 2059 2064 homines
2080 2019 2109 2058 rs

413 2127 512 2170 sexus
535 2106 701 2191 utriusque
725 2105 940 2187 temtaverint,
963 2105 1132 2170 insistente
1162 2103 1331 2169 sacerdote
1361 2104 1414 2169 vel
1442 2103 1561 2187 iudice,
1592 2105 1691 2169 etiam
1720 2105 1747 2168 si
1776 2104 1882 2170 nullus
1912 2115 2059 2188 accuset,

414 2211 623 2276 omnismodis
647 2211 788 2298 separati
812 2210 910 2276 exilio
933 2221 1090 2298 perpetuo
1114 2210 1290 2296 religentur
1311 2233 1373 2275 nec
1396 2210 1505 2297 aliqua
1527 2212 1562 2275 in
1586 2210 1807 2276 defensionem

418 2327 520 2398 Reda}
544 2319 594 2382 sui
616 2317 817 2404 longitudine
834 2319 986 2404 temporis
1002 2329 1208 2384 excusentur.
1263 2327 1350 2398 lirul
1369 2333 1421 2392 sui,
1440 2339 1607 2405 quousque
1626 2317 1777 2401 vixerint,
1798 2331 1969 2398 longitudine
1989 2339 2059 2382 tem·

413 2424 535 2489 Eorum
559 2423 757 2508 verobona,
782 2425 838 2511 qui
861 2423 940 2488 talia
962 2425 1132 2510 gesserint,
1262 2440 1337 2504 poris
1365 2445 1536 2490 excusentur.
1581 2439 1683 2490 Eorum
1710 2455 1773 2489 vero
1802 2439 1886 2499 bona,
1915 2440 1964 2505 qui
1990 2439 2061 2490 tatia

1262 2547 1396 2611 gesserint
1424 2541 1456 2596 et
1481 2554 1540 2618 pro
1563 2529 1681 2596 talibus
1704 2531 1807 2617 culpis
1831 2530 1953 2596 damna
1974 2529 2111 2618 legisse
2155 2571 2160 2588 .

1261 2637 1356 2703 huius
1379 2638 1578 2724 exceperint,

414 2755 509 2808 Reos.
523 2750 610 2823 lirul
640 2744 668 2807 si
691 2744 738 2807 eis
762 2743 803 2808 de
826 2745 927 2830 priori
949 2745 1100 2831 coniugio
1123 2743 1180 2809 filii
1203 2743 1373 2828 defuerint,
1396 2745 1540 2831 ipsormn
1562 2743 1635 2808 filiis
1659 2741 1782 2832 absque
1798 2743 1930 2808 infamia
1946 2753 2062 2810 notam

415 2850 545 2915 omnino
569 2849 749 2936 proficient,
774 2851 840 2937 qui,
863 2849 940 2916 licet
963 2852 1026 2915 sint
1049 2850 1204 2917 scelerate
1229 2852 1389 2938 concepti,
1413 2861 1487 2916 sunt
1509 2861 1618 2916 tamen
1640 2850 1728 2916 unda
1751 2852 1835 2916 sacri
1851 2849 2061 2939 baptismatis

522 3122 574 3181 111,
594 3123 619 3181 5,
639 3123 663 3172 2.
706 3121 724 3172 Ι.
743 3123 768 3172 2.
794 3121 907 3173 devotas
926 3116 997 3186 Deo]
1016 3123 1050 3172 de
1069 3122 1184 3173 devotas
1204 3122 1255 3172 deo
1275 3121 1342 3186 Ε2;
1368 3123 1421 3175 doo
1440 3129 1518 3174 votas
1538 3123 1589 3173 deo
1610 3123 1665 3174 Va.
1685 3125 1709 3174 6.
1763 3124 1956 3174 benedictione
1976 3123 2011 3174 Ε.
2032 3125 2060 3174 V.

414 3211 431 3265 Ι.
452 3213 476 3261 3.
502 3204 614 3272 morem]
636 3225 740 3261 morum
759 3209 820 3260 ΕΙ.
867 3210 1006 3261 adfinitate
1027 3211 1089 3272 V13
1109 3211 1240 3262 affinitate
1260 3212 1316 3262 Vti.
1363 3213 1627 3277 consanguinitatem
1646 3211 1671 3262 Ε
1685 3215 1714 3274 l;
1733 3213 1979 3278 consanguinitatis
2001 3213 2060 3263 Vl.
2081 3223 2109 3262 se

415 3300 528 3350 feminas
546 3299 612 3350 dean
630 3298 655 3348 Ε
668 3301 691 3349 1.
724 3295 733 3358 ΙΙ
764 3300 781 3349 Ι.
801 3301 826 3350 5.
853 3293 1030 3362 referendam]
1048 3299 1085 3348 ita
1103 3299 1135 3349 Ε.
1155 3300 1183 3350 Ε
1195 3303 1223 3362 1;
1243 3302 1422 3352 reverentiam
1441 3301 1511 3363 Ε2;
1530 3302 1706 3353 reverendam
1723 3309 1777 3352 cett.
1822 3303 1974 3354 inconcessi
1996 3302 2021 3352 Ii
2036 3305 2059 3352 1.

414 3388 598 3438 immunditias
617 3387 679 3437 ΕΙ.
699 3387 763 3437 ΕΙ.
812 3381 962 3452 sordidare]
983 3388 1109 3440 ordinare
1128 3388 1190 3438 ΕΙ.
1223 3387 1232 3450 ΙΙ
1264 3391 1279 3440 Ι.
1300 3391 1324 3440 6.
1351 3407 1367 3440 a
1386 3383 1502 3455 feminis]
1521 3391 1628 3441 seminis
1647 3391 1709 3442 Ε2.
1728 3390 1789 3441 ΕΙ.
1809 3390 1866 3442 Vs.
1886 3395 1910 3440 4.
1931 3393 1956 3442 5.
2013 3392 2060 3442 ad·

415 3477 535 3527 mittatur
553 3476 621 3539 ΕΙ;
640 3477 772 3527 amittitur
790 3477 852 3527 Ε2.
907 3471 1000 3542 castis]
1019 3479 1153 3528 castitatis
1173 3477 1206 3528 E.
1227 3479 1283 3528 V4.
1308 3475 1318 3538 ll
1343 3479 1398 3530 tv.
1422 3474 1540 3544 aborret]
1559 3479 1596 3530 ita
1613 3479 1675 3531 ΕΙ.
1695 3479 1757 3530 Ε2.
1777 3480 1840 3540 V13
1862 3481 1969 3531 aberret
1992 3481 2058 3543 Ε2;

415 3565 542 3617 abhorret
559 3564 613 3616 atti.
651 3566 763 3616 veritate
782 3565 845 3615 ΕΙ.
866 3565 892 3614 V.
915 3561 924 3625 l
946 3566 964 3615 Ι.
977 3567 1001 3616 8.
1021 3565 1063 3616 his
1081 3565 1148 3616 deest
1165 3566 1226 3616 ΕΙ.
1249 3564 1258 3626 ΙΙ
1281 3567 1298 3618 Ι.
1312 3569 1336 3618 9.
1356 3563 1600 3633 devotam]v0ta1n
1619 3569 1676 3618 Vb.
1701 3565 1711 3628 ΙΙ
1736 3570 1753 3619 Ι.
1769 3570 1808 3619 16.
1828 3563 1942 3633 abitum]
1961 3569 2000 3620 ita
2019 3569 2044 3620 Ε
2052 3589 2058 3631 ;

415 3655 492 3705 abitu
510 3653 579 3715 Ε2;
598 3655 673 3705 abuti
692 3654 720 3705 Ε
734 3657 762 3715 1;
782 3655 877 3704 habitu
898 3655 925 3704 V.
977 3655 1144 3720 profitentem
1164 3681 1197 3688 -
1216 3657 1393 3721 penitentiam
1410 3656 1461 3706 cles.
1479 3656 1504 3707 Ε
1519 3658 1541 3706 1.
1562 3657 1589 3706 Ε
1600 3659 1623 3708 l.
1649 3655 1658 3719 ll
1683 3659 1898 3724 l.11·proxims
1916 3657 1942 3708 Ε
1955 3661 1979 3708 1.
2000 3659 2059 3710 Vl.
2079 3669 2105 3707 so

415 3760 476 3795 eam
494 3739 536 3805 de]
557 3743 651 3794 eadem
670 3743 695 3792 Ε
710 3746 738 3804 l;
759 3743 872 3794 eandem
892 3743 916 3792 Ε
929 3745 953 3793 2.
999 3743 1194 3794 admixtionem
1212 3744 1280 3807 Ε1;
1300 3745 1489 3796 admistionem
1507 3745 1535 3796 Ε
1545 3747 1569 3796 2.
1599 3743 1608 3805 ΙΙ
1638 3746 1655 3796 Ι.
1669 3747 1710 3797 12.
1729 3748 1783 3796 vim
1803 3741 1859 3811 aut]
1877 3747 1915 3797 ita
1934 3748 1959 3798 Ε
1972 3750 1996 3798 2.
2017 3747 2046 3799 Ε
2049 3767 2059 3809 ,·

414 3833 525 3883 viduam
544 3833 658 3894 utIi13
678 3834 706 3882 vi
725 3838 771 3883 aut
791 3833 818 3882 V.
854 3849 1015 3884 consensum
1035 3832 1060 3882 ΙΙ
1074 3835 1096 3886 1.
1119 3830 1128 3892 ΙΙ
1150 3833 1167 3883 Ι.
1183 3835 1223 3883 14.
1243 3832 1344 3898 copula
1364 3858 1394 3866 -
1414 3834 1601 3885 fornicationis
1620 3834 1670 3885 des.
1689 3835 1714 3884 Ε
1728 3838 1750 3885 Ι.
1776 3832 1785 3895 ΙΙ
1810 3836 1828 3886 Ι.
1843 3837 1883 3886 16.
1902 3834 2056 3901 insistente}

414 3923 569 3972 insistentes
589 3939 604 3972 a
624 3921 695 3971 Mad.
741 3922 909 3973 sacerdotem
929 3921 990 3972 ΕΙ.
1036 3917 1153 3984 accinet}
1173 3928 1251 3972 aceet
1270 3922 1331 3973 ΕΙ.
1357 3922 1366 3984 ΙΙ
1391 3924 1408 3973 Ι.
1424 3923 1464 3973 ΙΙ.
1485 3925 1608 3974 omnibus
1627 3925 1713 3975 modis
1733 3924 1796 3985 Vl;
1816 3926 1978 3976 omnimodis
1999 3926 2058 3977 V2.

413 4013 442 4061 in
459 4011 526 4061 deest
543 4011 605 4061 ΕΙ.
655 4011 813 4062 defensione
833 4010 901 4072 Ε2;
921 4009 1077 4061 definitione
1096 4009 1158 4061 ΕΙ.
1190 4009 1199 4072 ΙΙ
1231 4013 1247 4062 Ι.
1270 4013 1310 4062 16.
1336 4013 1378 4062 sui
1398 4010 1566 4078 longitudine
1586 4036 1618 4046 -
1638 4014 1773 4078 gesserint
1794 4008 1858 4075 (ool.
1879 4009 1905 4074 1)
1927 4014 1960 4064 Ε.
2014 4017 2056 4064 sui

414 4115 607 4166 quousque-
627 4101 783 4166 exceperint
804 4095 867 4160 (tal.
888 4097 914 4162 2)
936 4098 968 4148 E.
988 4098 1015 4148 V.
1066 4097 1243 4166 longitudine}
1264 4099 1442 4167 longitudinis
1461 4101 1492 4150 Ε.
1542 4096 1665 4163 vixerint}
1686 4118 1780 4152 eorum
1799 4104 1868 4152 erint
1887 4101 1950 4152 Ε2.
1999 4101 2056 4153 lon·
2075 4109 2101 4150 uc

414 4188 562 4255 gitudinem
582 4187 644 4239 Ε2.
674 4185 684 4248 ΙΙ
712 4188 728 4238 Ι.
745 4190 785 4240 19.
805 4189 919 4254 gesserit
937 4187 999 4237 ΕΙ.
1043 4183 1116 4252 talia]
1136 4187 1247 4239 attalia
1266 4188 1334 4252 ΕΙ;
1354 4191 1421 4240 haec
1439 4188 1505 4240 talia
1523 4191 1595 4241 Mad.
1624 4187 1633 4249 ll
1662 4191 1678 4240 l.
1693 4193 1735 4241 21.
1753 4192 1814 4241 uius
1834 4193 1974 4256 exeperint
1994 4191 2055 4242 Ε2.

414 4278 431 4327 Ι.
451 4278 492 4328 22.
518 4274 618 4341 notam}
637 4277 675 4328 ita
693 4277 754 4327 ΕΙ.
775 4277 843 4340 Ε2;
862 4284 929 4328 note
946 4285 1001 4328 cett.
1032 4274 1041 4338 ΙΙ
1073 4278 1090 4329 Ι.
1110 4279 1152 4328 26.
1178 4278 1321 4344 proficiant
1338 4278 1367 4329 Ε
1376 4281 1400 4330 2.
1420 4279 1447 4328 V.
1496 4274 1553 4345 qui]
1571 4279 1609 4330 ita
1627 4279 1688 4329 ΕΙ.
1708 4279 1776 4343 En
1796 4281 1860 4345 quia
1878 4287 1933 4331 cett.
1982 4275 2055 4344 licet]

415 4365 467 4418 lieo
487 4365 548 4416 ΕΙ.
589 4361 729 4430 scelerate]
750 4365 900 4417 excelernte
920 4366 945 4416 Ε
958 4369 982 4416 1.
1023 4366 1179 4432 baptismati
1199 4367 1224 4418 Ε
1237 4370 1260 4418 Ι.

524 4598 553 4670 1)
583 4598 632 4672 Cf.
658 4599 750 4676 Epist.
776 4601 879 4658 Leonis
902 4601 926 4658 Ι.
951 4603 994 4659 ad
1014 4602 1157 4660 Rusticum
1181 4601 1309 4659 Narbon.
1335 4602 1491 4678 ‘Epictetus
1506 4602 1719 4674 fraternitatis'
1744 4623 1766 4659 c.
1794 4602 1843 4672 14,
1875 4603 1946 4680 liep.
1972 4613 2055 4679 pont.

415 4702 470 4782 (ed.
496 4702 539 4784 2.)
572 4727 617 4764 nr.
643 4707 725 4776 544,·
756 4706 848 4782 Epist.
875 4706 985 4766 Gelasii
1008 4708 1031 4766 Ι.
1056 4709 1098 4766 ad
1118 4709 1260 4785 episcopos
1277 4728 1334 4784 per
1358 4709 1515 4766 Lucaniam
1539 4717 1587 4766 etc.
1614 4707 1794 4766 ‘Necessaria
1816 4711 1925 4766 rerum'
1953 4729 1976 4766 c.
2003 4709 2055 4780 22,
2075 4724 2101 4762 ao

415 4814 485 4891 liep.
507 4823 586 4890 pont.
617 4833 662 4870 nr.
689 4813 751 4869 636
760 4835 771 4883 ;
804 4813 887 4871 Cone.
919 4815 1002 4871 terei.
1028 4814 1051 4871 1.
1081 4835 1144 4872 can.
1172 4815 1210 4871 16
1235 4809 1333 4891 (Cone.
1359 4815 1484 4872 Bracae.
1510 4815 1550 4872 II.
1575 4835 1640 4873 can.
1665 4809 1738 4891 31);
1769 4813 1853 4874 (lonc.
1877 4815 2000 4874 Barcin.
2026 4817 2063 4874 ΙΙ

415 4915 456 4994 (a.
482 4919 554 4977 599.
589 4919 638 4978 sud
671 4920 731 4996 ipso
762 4915 948 4995 Recearedo).
985 4940 1009 4978 c.
1041 4920 1078 4990 l;
1113 4922 1152 4994 cs.
1186 4920 1270 4980 Cone.
1301 4922 1384 4980 Tolet.
1416 4922 1472 4979 ΙΙΙ.
1504 4943 1567 4980 can.
1595 4923 1652 4992 10;
1680 4931 1835 4998 praeterea
1866 4943 1939 4999 miae
1968 4925 2059 4996 affert

417 5027 454 5082 Ε.
482 5026 618 5103 Loeninp,
645 5025 759 5084 ‘Gaea
784 5028 811 5083 d.
836 5027 995 5084 Dnitscden
1020 5028 1251 5086 Kirelrenreelits'
1275 5029 1299 5098 I,
1325 5050 1359 5105 p.
1386 5029 1447 5086 358
1465 5050 1506 5107 sq.
1609 5029 1640 5100 2)
1674 5029 1729 5087 His
1756 5029 1846 5086 uerbis
1876 5030 2058 5087 Reccareua

414 5141 510 5191 venare
539 5133 647 5192 videtur
676 5133 856 5191 rimtrinionia
888 5133 961 5191 inter
992 5135 1099 5208 afficies
1127 5136 1275 5192 secundant
1307 5135 1342 5191 L.
1367 5136 1450 5194 Rom.
1474 5136 1530 5194 Vis.
1557 5135 1588 5196 0.
1616 5137 1666 5194 Tu.
1691 5136 1747 5206 111,
1781 5135 1830 5206 12,
1861 5136 1879 5190 l
1910 5136 2056 5212 Intmpw

416 5239 618 5312 Quaecumque
634 5241 736 5297 mulier
754 5243 853 5297 sororis
876 5261 945 5298 suae
968 5243 1097 5298 maritum
1119 5249 1184 5314 post
1206 5243 1280 5297 illius
1303 5251 1421 5298 mortem
1446 5245 1600 5316 acceperit,
1624 5245 1670 5301 vel
1686 5245 1708 5300 si
1733 5245 1794 5316 quis
1814 5262 1848 5300 ex
1864 5244 1930 5298 viris
1947 5251 2058 5300 mortua
2075 5257 2103 5296 ss

416 5365 501 5402 uxore
532 5365 655 5402 sororem
686 5350 746 5403 eius
777 5349 837 5404 siliis
871 5350 977 5420 nuptiis
1012 5349 1064 5404 sibi
1099 5350 1282 5418 coniunxerit,
1318 5352 1448 5406 noverint
1483 5352 1533 5406 tali
1567 5353 1706 5408 consortio
1740 5370 1770 5407 se
1807 5369 1869 5406 esse
1904 5353 2055 5408 notabiles.

416 5451 616 5510 Praecedentis
639 5453 706 5529 lepis
729 5453 785 5524 III,
813 5453 863 5524 12,
889 5455 906 5510 3
932 5454 1202 5530 biterprewtionmn,
1226 5475 1299 5532 quae
1321 5476 1423 5514 reuera
1453 5457 1533 5515 atiani
1558 5456 1686 5533 coniuges
1710 5464 1831 5533 propter
1859 5458 2057 5535 comanpnini·

414 5566 496 5616 tatem
527 5558 693 5616 incestuosos
715 5559 839 5631 insanies
855 5562 1027 5635 proclamat,
1050 5561 1192 5638 legislator
1214 5561 1395 5640 Vnipotliieus
1416 5565 1499 5622 aliter
1528 5563 1694 5622 intellexisse
1717 5564 1840 5632 vidonem
1871 5565 1911 5636 qs.
1930 5585 1964 5639 p.
1984 5563 2056 5634 161,

414 5683 443 5722 n.
464 5665 491 5721 l.
583 5665 614 5736 3)
639 5665 720 5743 Erpa
744 5665 825 5723 enom
849 5666 986 5724 Bouiania
1008 5668 1090 5744 repni
1112 5667 1182 5725 laec
1204 5671 1342 5734 laudata
1365 5679 1413 5728 est.
