4454 6232
678 377 757 431 LEX
779 375 1083 434 VISIGOTHORUM
1105 377 1158 446 IX,
1179 378 1206 446 l,
1225 376 1255 432 9.
1730 373 1792 436 351

144 577 239 629 Reae.
251 573 348 628 deest.
415 571 499 641 lasa}
530 561 617 628 diem
641 573 791 627 octavum
817 561 989 649 fpriortbus
1011 563 1077 628 ioci
1099 563 1194 646 illius,
1218 563 1329 648 iudici,
1353 564 1450 630 vilico
1481 564 1588 652 adque
1617 566 1791 653 preposito1
1813 576 1948 647 1Χ,1,9.

413 692 522 734 coram
552 667 670 734 idoneo
700 678 782 733 teste
814 692 897 752 eum,
929 692 1025 756 quem
1055 673 1208 759 suscepit,
1239 683 1428 758 presentare
1458 683 1620 759 procuret.
1674 674 1794 760 Sicque

412 778 629 862 interrogetur
656 787 688 842 et
718 786 848 842 strenue
872 779 1079 864 perquiratur
1109 801 1129 842 a
1158 777 1276 861 iudice,
1306 788 1363 843 aut
1392 780 1485 844 cuius
1515 780 1557 843 sit
1586 802 1710 861 servus,
1740 791 1796 845 aut

412 882 542 970 quando
573 882 712 948 dominis
743 883 809 947 suis
840 882 975 969 fugerit,
1006 882 1059 949 vel
1090 883 1221 970 quando
1251 896 1308 950 aut
1337 885 1393 950 ubi
1424 885 1495 968 ille,
1532 887 1589 972 qui
1619 909 1692 951 eum
1723 909 1795 974 pre-

411 1000 534 1072 sentat,
574 989 764 1077 susceperit.
827 989 947 1076 Sicque
981 999 1049 1055 tota
1082 991 1117 1055 in
1151 1014 1251 1056 unum
1287 991 1423 1057 collecta
1457 991 1565 1080 adque
1600 994 1794 1080 conscripta,

410 1096 511 1161 iudex
541 1096 594 1161 vel
624 1096 689 1178 alii,
722 1097 779 1183 qui
808 1096 982 1178 adfuerint,
1012 1119 1111 1162 manu
1141 1120 1200 1162 sua
1228 1097 1301 1178 hoc,
1338 1097 1424 1185 quod
1454 1099 1668 1186 perquisitum
1698 1099 1796 1164 fuerit

412 1203 465 1268 vel
495 1204 674 1285 inventum,
710 1202 891 1268 suscribere
921 1202 1079 1287 debeant;
1114 1205 1161 1269 ita
1189 1215 1225 1268 ut
1255 1215 1287 1269 et
1317 1205 1490 1291 fugitivum
1521 1216 1553 1270 et
1581 1205 1643 1270 hoc
1678 1207 1795 1292 ipsum,

413 1309 500 1397 quod
529 1310 659 1397 scriptis
690 1309 730 1374 de
761 1309 876 1374 eodem
907 1310 1084 1396 adligatum
1115 1321 1181 1394 est,
1212 1310 1283 1395 ille,
1319 1313 1375 1399 qui
1406 1335 1480 1377 eum
1509 1313 1726 1399 presentavit,
1761 1315 1795 1378 in

412 1427 571 1503 potestate
595 1439 654 1481 sua
677 1417 824 1503 recipiat,
849 1417 989 1503 qualiter
1012 1439 1086 1482 eum
1110 1418 1195 1483 iufra
1219 1417 1288 1483 dies
1313 1428 1384 1484 octo
1409 1420 1476 1483 suis
1499 1418 1638 1484 dominis
1669 1418 1794 1484 reddat.

414 1523 510 1604 Quod
545 1524 573 1587 si
602 1523 753 1588 dominus
787 1523 915 1610 fugitivi
946 1523 1041 1610 longe
1077 1524 1214 1590 fortasse
1245 1526 1287 1590 sit
1315 1527 1456 1612 positus,
1487 1527 1603 1611 viginti
1634 1549 1692 1612 per
1727 1525 1795 1590 dies

413 1630 556 1717 singulos
579 1629 709 1695 milibus
734 1632 928 1718 conputatis,
953 1633 1057 1718 spatio
1081 1631 1145 1715 ilie,
1171 1632 1227 1718 qui
1249 1632 1423 1719 fugitivum
1447 1633 1599 1720 suscepit,
1628 1631 1691 1696 sibi
1720 1655 1795 1698 cou-

413 1760 505 1802 cesso
529 1739 563 1802 in
585 1738 735 1825 prefinito
760 1738 823 1820 die,
847 1736 903 1802 ubi
927 1737 1094 1804 dominum
1124 1738 1254 1825 fugitivi
1283 1741 1457 1826 repperiet,
1487 1739 1660 1826 fugitivum
1690 1741 1797 1827 ipsum

412 1844 542 1910 domino
567 1867 636 1927 suo,
661 1856 716 1909 aut
739 1868 799 1933 per
822 1867 867 1927 sc,
892 1856 948 1910 aut
970 1868 1030 1932 per
1053 1868 1149 1932 quem
1173 1845 1321 1928 voluerit,
1350 1846 1545 1911 serviturum
1575 1848 1733 1928 restituat,
1764 1857 1797 1912 et

412 1951 618 2017 commodum
652 1975 763 2034 suum,
799 1963 954 2038 quantum
984 1951 1057 2038 lege
1087 1951 1211 2018 alteral
1241 1963 1368 2018 constat
1376 2003 1384 2036 ,
1414 1952 1450 2018 id
1479 1964 1545 2036 est,
1575 1975 1635 2040 per
1664 1954 1797 2040 triginta

412 2057 502 2123 milia
524 2060 706 2123 tremissem
729 2083 829 2124 unum
853 2081 873 2123 a
896 2059 1026 2123 domino
1049 2058 1179 2145 fugitivi
1207 2060 1358 2146 accipiat.
1407 2059 1504 2142 Quod
1534 2061 1562 2123 si
1592 2059 1708 2142 eidem,
1740 2061 1796 2148 qui

412 2165 584 2252 fugitivum
608 2166 760 2254 suscepit,
785 2188 959 2252 gravosum
983 2165 1119 2230 fortasse
1144 2166 1304 2230 exstiterit
1326 2177 1460 2254 propter
1482 2177 1641 2232 terrarum
1671 2166 1796 2252 longin-

412 2273 569 2358 quitatem
607 2273 781 2360 fugitivum
819 2295 876 2338 suo
916 2272 1046 2338 domino
1083 2281 1289 2358 presentare,
1328 2273 1449 2354 saltim,
1488 2273 1542 2337 vel
1576 2272 1634 2337 ubi
1669 2275 1794 2338 vicinas

413 2380 633 2466 possessiones
657 2379 780 2444 domini
803 2379 932 2466 fugitivi
963 2379 1143 2465 agnoverit,
1174 2381 1278 2444 actori
1307 2379 1360 2445 vel
1389 2381 1592 2466 procuratori
1621 2380 1795 2466 fugitivum

413 2508 522 2550 coram
545 2486 689 2573 legitimo
713 2496 795 2552 teste
825 2496 1001 2574 presentet,
1032 2496 1064 2550 ct
1094 2495 1231 2574 accepta
1261 2487 1436 2573 superioris
1467 2485 1628 2552 commodi
1659 2509 1794 2569 summa,

413 2615 546 2658 securus
569 2594 649 2680 ipse,
674 2593 730 2680 qui
753 2593 926 2680 fugitivum
949 2593 1103 2680 suscepit,
1131 2591 1297 2658 abscedat.
1343 2593 1414 2658 Iam
1445 2616 1533 2675 vero,
1565 2595 1592 2656 si
1623 2593 1796 2678 fugitivum

413 2699 513 2764 iudici
537 2701 783 2786 presentaverit,
808 2709 841 2764 et
863 2723 883 2764 a
904 2698 1013 2764 iudice
1036 2701 1234 2787 perquisitus
1258 2701 1338 2787 ipse,
1370 2701 1425 2787 qui
1456 2709 1671 2788 presentatur,
1703 2701 1795 2765 cuius

414 2829 526 2871 servus
550 2807 601 2888 sit,
625 2806 712 2872 nullo
736 2806 831 2871 modo
856 2806 986 2890 dixerit,
1011 2817 1090 2893 aput
1112 2805 1254 2872 iudicem
1277 2807 1358 2894 ipse,
1376 2808 1431 2894 qui
1448 2829 1521 2872 cum
1537 2816 1794 2894 presentaverat,
1820 2879 1843 2904 .,

413 2913 554 2979 eundem
577 2913 751 2998 fugitivum
777 2913 949 3001 relinquat.
1001 2912 1107 2978 Iudex
1137 2935 1214 2978 vero
1245 2912 1306 2978 sub
1337 2912 1440 2978 ardua
1469 2913 1617 2978 custodia
1647 2913 1796 2993 cundem,

414 3022 470 3108 qui
500 3020 563 3084 sibi
592 3030 796 3107 presentatus
828 3031 892 3103 est,
923 3020 1009 3086 infra
1039 3031 1165 3107 tempus
1196 3031 1229 3085 et
1257 3022 1350 3086 iuxta
1379 3019 1511 3084 modum
1544 3021 1691 3107 superius
1721 3042 1797 3084 con-

414 3129 569 3210 stitutum,
593 3129 692 3214 regiis
715 3126 881 3193 obtutibus
905 3137 1094 3215 presentare
1119 3150 1184 3192 non
1208 3127 1352 3211 differat3
1383 3137 1419 3192 ut
1441 3127 1614 3214 principali
1636 3137 1796 3214 potestate

413 3234 585 3299 manifeste
616 3236 771 3322 quesitus,
807 3233 863 3300 ubi
892 3244 1083 3299 cunctorum
1113 3244 1241 3299 constat
1270 3233 1385 3299 adesse
1417 3244 1622 3316 conventum,
1654 3235 1796 3320 cognitio

413 3341 543 3428 fugitivi
566 3364 625 3428 per
647 3341 802 3428 plurimos
826 3341 994 3406 habeatur.
1042 3341 1102 3404 His
1126 3341 1226 3427 igitur
1248 3341 1398 3406 omuibus
1421 3341 1608 3406 necessaria
1630 3341 1797 3405 sanctione

413 3449 590 3534 premissis,
614 3450 810 3536 quicumque
834 3448 990 3536 deinceps
1013 3447 1198 3534 fugitivum,
1224 3449 1389 3534 cognitum
1413 3447 1466 3512 vel
1489 3448 1700 3534 incognitum,
1731 3470 1795 3512 non

414 3554 474 3620 sub
502 3556 581 3638 isto,
611 3579 675 3644 quo
704 3557 899 3643 premissum
930 3565 995 3638 est,
1027 3555 1139 3620 ordine
1170 3566 1226 3620 aut
1254 3553 1356 3619 iudici
1385 3554 1623 3641 presentaverit
1653 3565 1709 3619 aut
1739 3576 1797 3618 suo

414 3661 545 3727 domino
568 3685 633 3726 non
657 3662 845 3745 reddiderit,
875 3662 1004 3726 domiuo
1028 3662 1159 3748 fugitivi
1182 3671 1215 3726 et
1237 3663 1354 3748 ipsum,
1386 3662 1442 3747 qui
1466 3660 1604 3746 fugerat,
1637 3671 1669 3724 et
1697 3659 1795 3726 alium

256 3916 304 3976 lx,
325 3920 348 3977 l,
368 3918 392 3968 9.
436 3918 498 3969 11.
526 3917 553 3968 id
574 3925 615 3969 est
633 3919 718 3968 iudici
737 3919 793 3972 Va.
849 3913 942 3983 vilico]
960 3918 998 3968 ita
1017 3917 1084 3980 Ε1;
1105 3916 1188 3969 bilico
1207 3917 1275 3979 Ε2;
1304 3916 1397 3968 villico
1423 3926 1477 3969 cett.
1532 3911 1632 3982 adque]
1659 3917 1696 3968 ito
1721 3917 1750 3967 Ε
1765 3919 1797 3980 2;

149 4011 231 4070 atque
250 4014 321 4068 cett.,·
341 4014 365 4057 et
382 4006 420 4058 ita
437 4006 517 4072 infra.
550 4005 559 4067 11
591 4008 607 4057 1.
628 4009 652 4058 2.
681 4009 795 4058 idoneos
822 4014 891 4058 teste
914 4007 981 4069 V13
1008 4007 1108 4058 idoneo
1134 4013 1203 4058 teste
1228 4024 1292 4057 corr.
1318 4009 1446 4058 idoneum
1473 4013 1569 4058 testem
1595 4006 1618 4054 V
1634 4007 1664 4067 6;
1691 4006 1796 4056 idoneis

149 4095 263 4146 testibus
283 4095 307 4144 V
317 4097 358 4146 la.
379 4097 420 4146 16.
440 4095 509 4146 Pitd.
527 4096 555 4146 in
573 4096 694 4162 marpissa.
749 4104 875 4161 procuret
897 4096 925 4146 Ε
939 4099 963 4148 2.
996 4095 1004 4156 tl
1036 4097 1053 4146 1.
1073 4099 1097 4146 3.
1127 4091 1162 4160 et]
1183 4103 1212 4146 ut
1230 4095 1292 4146 Ε2.
1325 4093 1333 4157 11
1366 4097 1382 4146 1.
1402 4099 1426 4146 4.
1456 4097 1571 4146 dominis
1589 4090 1658 4158 suis]
1678 4095 1715 4145 ita
1735 4093 1796 4146 Ε2.

156 4183 212 4234 Vl.
232 4185 256 4234 2.
276 4186 301 4234 6.
322 4185 346 4234 5.
366 4185 397 4246 6;
417 4185 519 4236 domini
538 4186 582 4236 sui
602 4183 669 4246 Ε1;
689 4201 706 4234 a
724 4185 834 4236 domiuo
853 4201 904 4236 auo
925 4185 1009 4246 Pium
1027 4201 1044 4236 a
1063 4185 1179 4236 dominis
1198 4187 1255 4235 suis
1274 4184 1345 4235 Mad.
1387 4185 1497 4250 fugierit
1516 4183 1543 4234 E
1553 4185 1578 4235 2.
1609 4181 1619 4244 ΙΙ
1650 4185 1667 4235 1.
1687 4186 1711 4234 5.
1737 4201 1796 4234 sus·

106 4287 131 4327 aa
150 4274 223 4338 cepit
241 4273 298 4322 Vl.
319 4275 342 4324 2.
375 4270 383 4333 11
416 4274 433 4324 1.
453 4275 477 4324 6.
504 4290 585 4324 uranu
606 4298 636 4308 -
657 4274 740 4324 fucrit
757 4274 807 4324 des.
828 4274 883 4324 Vl.
930 4275 1087 4339 busequas
1108 4273 1569 4339 perquisitafuerintveiinventa
1588 4271 1656 4323 Itur.
1685 4255 1793 4337 fuerit]

151 4368 191 4412 est
210 4362 267 4414 V2.
299 4362 308 4423 ΙΙ
340 4363 356 4413 1.
371 4363 396 4413 7.
421 4358 586 4426 suscribere]
606 4363 644 4414 ita
663 4362 732 4424 Ε2;
752 4365 871 4414 scribere
892 4363 955 4426 V3;
975 4364 1145 4414 subscribere
1164 4371 1218 4414 cett.
1264 4357 1392 4426 debeant]
1413 4363 1513 4413 debent
1533 4363 1589 4414 Va.
1639 4367 1665 4412 et
1684 4357 1751 4428 fug]
1771 4369 1797 4413 et

149 4449 214 4501 deest
235 4451 296 4502 Vl.
351 4453 425 4518 ipsut
443 4451 506 4504 Ε2.
538 4451 547 4513 11
579 4454 596 4503 1.
615 4455 640 4503 6.
668 4448 785 4518 scriptis]
805 4453 914 4516 scripsit
932 4451 993 4503 Ε2.
1049 4447 1196 4517 alligatum]
1220 4452 1258 4502 ita
1284 4451 1311 4501 E
1329 4454 1351 4502 1.
1378 4452 1401 4500 V
1417 4454 1440 4501 1.
1466 4453 1490 4502 2.
1517 4453 1542 4501 6.
1568 4449 1635 4500 Pt'tlr.
1660 4451 1689 4502 in
1714 4460 1798 4513 tatia·

150 4539 298 4605 allegatum
323 4548 377 4592 cett.
410 4540 418 4602 11
450 4541 467 4591 1.
488 4543 512 4592 9.
542 4542 599 4592 dies
626 4535 700 4605 octo]
726 4541 770 4590 die
796 4547 874 4591 sexto
901 4540 963 4592 Vs.
995 4539 1004 4601 11
1036 4542 1053 4592 1.
1074 4542 1114 4592 10.
1143 4541 1257 4592 fortasse
1282 4541 1349 4592 deest
1375 4541 1436 4591 1³2.
1491 4535 1599 4606 viginti]
1623 4541 1715 4590 XXX·
1738 4541 1762 4590 V
1772 4543 1796 4592 2.

149 4629 166 4678 1.
187 4629 228 4679 11.
253 4631 372 4695 spatium
391 4628 419 4680 Ε
429 4631 454 4680 2.
486 4629 495 4690 ΙΙ
527 4632 543 4682 1.
565 4632 605 4682 12.
632 4631 755 4680 domiuus
776 4630 884 4696 fugitivi
905 4629 933 4679 Ε
942 4631 966 4680 2.
987 4628 1010 4677 V
1020 4631 1043 4679 1.
1063 4631 1087 4680 2.
1108 4631 1132 4679 6.
1172 4631 1292 4696 repperit
1311 4629 1373 4680 Ε1.
1394 4627 1462 4679 Pt'tlr.
1494 4628 1503 4691 ΙΙ
1534 4630 1551 4679 1.
1574 4632 1614 4679 14.
1639 4628 1668 4680 id
1688 4629 1798 4682 estdes.

106 4733 133 4771 to
150 4717 178 4766 Ε
195 4721 218 4768 1.
245 4716 312 4768 lta.
368 4715 490 4783 triginta]
511 4719 561 4770 XX
581 4720 637 4769 1'3.
669 4717 678 4779 ΙΙ
710 4720 727 4770 l.
749 4721 789 4769 15.
818 4714 976 4781 tremissem}
997 4719 1126 4770 trimisem
1146 4717 1215 4780 Ε2;
1238 4718 1354 4770 solidum
1375 4719 1449 4770 Vre.
1505 4735 1553 4784 per
1577 4725 1611 4769 tr.
1636 4713 1722 4782 milia]
1748 4735 1797 4786 pro

151 4805 224 4856 XXX
244 4805 352 4858 milibus
371 4807 446 4857 Vle.
478 4807 487 4868 11
519 4808 537 4858 1.
557 4810 598 4860 11.
621 4807 665 4859 vet
685 4804 740 4871 ubi]
761 4806 837 4858 velut
857 4808 919 4870 Vl;
940 4808 985 4857 ubi
1005 4807 1062 4859 t'o.
1094 4806 1103 4867 11
1134 4809 1151 4860 l.
1174 4809 1213 4858 18.
1242 4803 1339 4871 actori]
1359 4808 1465 4858 auctori
1485 4806 1517 4857 Ε.
1537 4806 1561 4856 V
1571 4809 1594 4858 1.
1613 4809 1638 4858 2.
1658 4808 1682 4858 6.
1737 4825 1797 4874 pre·

151 4897 271 4946 curatori
297 4895 324 4946 E
340 4898 364 4948 2.
397 4895 405 4956 11
438 4897 455 4947 1.
476 4899 516 4948 19.
545 4896 682 4962 legitimos
709 4904 792 4948 testes
818 4897 842 4946 V
858 4899 887 4959 13
913 4894 1063 4961 legitimum
1089 4901 1185 4947 testem
1212 4897 1235 4944 V
1250 4898 1281 4959 6;
1308 4895 1429 4964 legitimo
1454 4902 1552 4948 testem
1574 4897 1643 4958 1⁷33
1670 4896 1798 4964 legitimis

149 4986 264 5036 testibus
284 4985 360 5037 1²15.
380 4986 422 5036 16.
476 4987 611 5038 commodi
630 4982 741 5049 summa]
762 4987 897 5037 comedim
916 5002 1020 5036 sumam
1041 4984 1109 5047 Ε2;
1129 4986 1236 5037 comedi
1256 5001 1360 5037 sumam
1380 4985 1436 5035 Vl.
1469 4982 1478 5046 ΙΙ
1510 4986 1527 5036 1.
1546 4987 1589 5036 21.
1614 4980 1796 5052 presentatur]

150 5075 335 5141 praesentavit
360 5073 428 5126 Pitlr.
460 5073 469 5135 ΙΙ
501 5075 518 5126 1.
538 5077 580 5126 24.
610 5077 682 5140 quod
709 5077 834 5140 superius
861 5075 883 5124 V
900 5078 922 5125 1.
950 5076 980 5137 2;
1007 5073 1080 5140 quod
1101 5081 1160 5140 post
1183 5074 1243 5124 odd.
1269 5075 1293 5124 V
1308 5077 1332 5124 6.
1387 5069 1574 5137 coustitutum]
1596 5083 1637 5125 est
1654 5074 1715 5126 odd.
1735 5074 1797 5125 Ε2.

106 5177 134 5216 tt
157 5163 212 5214 Vl.
233 5165 263 5225 2;
280 5171 337 5228 post
353 5163 414 5214 odd.
434 5164 490 5214 Vb.
523 5163 532 5226 ΙΙ
564 5164 581 5214 l.
601 5167 642 5215 25.
671 5159 763 5231 regiis]
781 5165 818 5214 r'ta
838 5163 870 5214 E.
890 5163 975 5224 1²ut.;
1000 5165 1072 5230 regia
1091 5171 1145 5215 cett.
1199 5171 1334 5229 potestate
1353 5169 1479 5215 manente
1499 5163 1640 5215 manifeste
1659 5163 1721 5214 Ε1.
1741 5164 1765 5211 V
1774 5165 1798 5214 6.

152 5251 219 5302 rto,
237 5249 277 5316 fia
296 5252 344 5302 176
363 5259 498 5314 manente,
517 5270 667 5319 quamquam
684 5270 791 5315 amora,
811 5261 893 5304 mama
910 5261 995 5318 aperte
1014 5251 1122 5318 legitur).
1147 5253 1157 5316 ΙΙ
1183 5254 1199 5304 l.
1217 5255 1260 5304 26.
1283 5249 1339 5318 ubi]
1360 5255 1399 5304 uti
1419 5253 1476 5303 Vl.
1502 5253 1511 5314 ΙΙ
1536 5254 1553 5305 1.
1571 5255 1613 5304 21.
1637 5253 1798 5304 necessariis

151 5340 179 5392 Ε
196 5344 219 5393 1.
257 5339 267 5401 f
305 5343 323 5394 1.
345 5343 388 5393 26.
419 5344 583 5408 quicumque
610 5357 676 5394 vero
704 5343 728 5392 V
746 5344 771 5394 6.
834 5343 975 5408 cognitum
1001 5341 1068 5393 deest
1094 5340 1122 5392 Ε
1143 5345 1166 5393 1.
1194 5342 1266 5405 1153
1295 5359 1356 5408 cog.
1383 5341 1427 5394 vei
1455 5344 1626 5409 incognitum
1652 5341 1703 5394 des.
1732 5342 1798 5392 Vl.

151 5431 224 5482 129.
243 5445 297 5498 quo
316 5425 485 5497 premissum]
504 5432 542 5484 ita
560 5430 588 5480 E
600 5434 622 5483 1.
642 5431 727 5494 Etim
745 5433 791 5497 qui
811 5433 970 5498 premissum
989 5439 1030 5482 est
1048 5431 1076 5480 Ε
1085 5434 1116 5494 2;
1136 5431 1207 5498 quod
1226 5433 1384 5498 premissum
1404 5438 1446 5484 est
1464 5431 1521 5484 Vl.
1541 5433 1573 5495 65
1592 5433 1640 5498 qui
1651 5432 1800 5496 premissus

152 5527 194 5570 est
210 5528 265 5571 cett.
310 5526 358 5571 arrt
376 5515 471 5584 iudici]
490 5521 524 5571 ad
544 5521 634 5570 iudice
653 5519 716 5572 Ε2.
749 5518 758 5582 ΙΙ
790 5521 807 5572 1.
826 5523 869 5571 30.
894 5521 997 5586 fugerit
1016 5520 1077 5572 Ε1.
1097 5520 1182 5583 Ρ111.,’
1199 5521 1317 5588 fugiernt
1334 5538 1398 5572 οων.
1418 5521 1524 5586 fugerat
1543 5520 1600 5571 Vs.

108 5755 135 5796 so
261 5738 290 5809 1)
321 5737 375 5810 rr,
402 5739 429 5808 1,
457 5738 507 5794 14.
