4448 6226
741 373 820 428 nux
843 372 1146 432 vrsroorsonuu
1169 375 1332 444 x11‚1‚a.
1799 370 1862 432 409
1897 419 1899 424 .

214 567 303 639 Nou!
481 559 610 624 Tertius
635 582 762 647 quoque
788 582 893 625 canon
917 571 965 625 est
989 561 1029 625 de
1054 561 1247 628 tributorum
1270 562 1444 649 principali
1468 561 1668 628 relaxatione
1693 564 1726 627 in
1755 562 1862 650 plebe,
1880 572 2035 644 xr1,1,t.

374 665 430 731 ubi
464 677 572 731 nostre
607 665 709 752 glorie
740 669 932 731 auctoritate
969 667 1064 733 simul
1099 679 1131 732 et
1167 668 1390 734 exhortatione
1423 670 1582 734 sancitum
1612 679 1670 752 est,
1701 680 1737 734 ut
1768 693 1861 734 omne

373 772 530 846 tributum
552 775 780 860 preteritorum
804 796 963 838 annorum
993 797 1095 861 usque
1126 776 1159 840 in
1190 799 1311 840 annum
1341 777 1480 862 primum
1510 777 1603 862 regni
1633 778 1744 857 nostri,
1775 776 1862 863 quod

373 881 407 944 in
441 880 576 967 privatis
608 881 676 945 sive
711 881 746 944 in
779 880 944 945 fiscalibus
979 880 1106 968 populis
1141 883 1280 964 reiaoet,
1316 881 1527 947 absolutionis
1557 893 1713 970 perpetue
1744 882 1863 948 debeat

374 990 541 1054 sanctione
576 987 697 1070 laxari3
733 1009 773 1052 ea
807 997 931 1052 tantum
966 989 1186 1074 precipientes
1221 989 1380 1053 thesauris
1415 987 1554 1076 publicis
1593 989 1758 1070 exhiberi,
1798 1013 1861 1077 que

373 1105 501 1177 exacta,
525 1117 590 1160 non
613 1094 713 1160 inlata
735 1095 835 1159 fuisse
860 1096 1071 1160 constiterint.

463 1201 607 1283 Quartus
630 1212 703 1287 post
725 1200 786 1266 hec
810 1203 956 1288 sequitur
980 1225 1084 1266 canon
1108 1202 1148 1266 de
1171 1203 1350 1267 munitione
1366 1203 1466 1289 prolis
1482 1203 1582 1290 regie,
1599 1225 1696 1289 quem
1711 1215 1860 1290 prompto

372 1309 548 1374 voluntatis
572 1307 689 1373 adnisu
712 1310 816 1374 omnis
840 1319 1018 1374 conventus
1043 1308 1249 1374 sacerdotum
1272 1320 1370 1396 atquc
1399 1311 1496 1374 etiarn
1526 1311 1689 1376 seniorum
1720 1310 1860 1376 condere

372 1416 610 1503 preelegerent.

480 1523 621 1604 Quintus
656 1545 759 1587 canon
791 1524 945 1610 sequitur,
975 1546 1017 1587 ne
1048 1522 1200 1588 defirneto
1235 1525 1382 1611 principe
1413 1524 1559 1590 relictam
1590 1525 1659 1588 eins
1690 1525 1860 1610 coniugem

373 1632 546 1718 quisquam
570 1629 633 1694 sibi
657 1631 769 1695 autin
793 1631 944 1716 coniugio
969 1631 1081 1695 autin
1105 1630 1264 1696 adulterio
1288 1631 1408 1696 audeat
1431 1630 1594 1718 copulare.

479 1736 599 1803 Sextus
624 1736 742 1803 deinde
766 1738 913 1824 sequitur
936 1760 1050 1819 canon,
1074 1748 1119 1819 ut,
1144 1740 1291 1826 exceptis
1322 1739 1424 1803 servis
1448 1737 1500 1802 vel
1530 1737 1654 1803 libertis
1684 1737 1859 1820 fiscalibus,

372 1843 477 1910 nullus
506 1843 547 1908 dc
578 1845 733 1909 servitute
765 1842 983 1931 quorumlibet
1012 1856 1067 1909 aut
1096 1844 1220 1910 libertis
1252 1846 1407 1931 deinceps
1438 1844 1480 1910 ad
1509 1845 1688 1932 palatinum
1718 1845 1859 1910 officium

372 1961 525 2016 transcat.
573 1950 670 2032 Quod
693 1952 720 2014 si
743 1950 891 2032 fecerint,
915 1953 1074 2037 presentis
1097 1950 1179 2037 legis
1202 1963 1311 2016 nostre
1335 1951 1442 2017 edicto
1466 1951 1509 2016 ad
1535 1953 1665 2038 proprie
1696 1953 1859 2017 servitutis

372 2059 484 2144 iugum
507 2057 612 2122 modis
636 2047 785 2122 omnibns
809 2056 988 2123 reducendi
1011 2069 1100 2140 sunt3
1126 2058 1265 2146 qualiter
1288 2071 1343 2124 aut
1367 2058 1505 2124 dominis
1529 2059 1606 2142 suis,
1626 2059 1653 2122 si
1670 2060 1858 2145 superstites

372 2177 456 2244 sunt,
486 2176 542 2230 aut
565 2187 676 2230 eorum
707 2165 907 2252 propinquis,
939 2163 1055 2251 quibus
1086 2164 1313 2230 decedentium
1343 2166 1506 2230 successio
1536 2187 1579 2230 ex
1608 2165 1680 2251 lege
1712 2163 1857 2248 debetur,

372 2273 523 2336 servituri
546 2271 724 2335 tradantur.

478 2379 557 2444 Post
590 2379 676 2443 hunc
711 2379 867 2466 septimus
897 2389 946 2444 est
981 2401 1085 2444 canon
1120 2378 1160 2443 de
1191 2379 1257 2461 his,
1288 2381 1344 2466 qui
1373 2402 1432 2466 pro
1463 2378 1646 2444 accidentia
1679 2379 1856 2465 iurgiorum

372 2486 487 2551 altaria
509 2486 634 2550 nudare
658 2496 849 2572 presumunt
871 2485 924 2550 vel
948 2485 1119 2550 luminaria
1143 2485 1281 2550 ecclesie
1304 2484 1507 2550 subtrahunt.

479 2594 624 2659 Octavus
648 2614 777 2680 quoquc
801 2594 947 2680 sequitur
970 2613 1084 2674 canon,
1115 2614 1155 2656 ne
1184 2591 1378 2657 admonente
1409 2592 1655 2680 metropolitano
1686 2593 1858 2679 quisquam

372 2724 414 2766 ex
437 2700 643 2766 confinitimis
667 2699 709 2765 ad
732 2699 849 2782 locum,
873 2699 930 2764 ubi
952 2700 1117 2782 invitatur,
1141 2700 1254 2763 venire
1278 2709 1472 2764 contemnat.

478 2807 590 2872 Nonus
629 2828 758 2893 quoque
796 2828 901 2871 canon
935 2805 1143 2893 subsequitur
1181 2805 1221 2870 de
1260 2805 1504 2870 confirmatione
1543 2805 1673 2870 concilii
1708 2805 1857 2871 Toletani

371 2914 565 2996 duodecimi,
591 2913 678 3001 quod
700 2913 821 2979 sactum
846 2923 895 2977 est
917 2935 1002 2978 anno
1025 2913 1130 2999 primo
1153 2912 1255 2998 glorie
1278 2922 1398 2977 nostre.

476 3021 634 3086 Decimus
657 3020 733 3085 huic
758 3043 864 3085 canon
887 3019 1083 3106 adiungitur,
1114 3018 1171 3084 ubi
1201 3019 1336 3106 speciali
1367 3021 1527 3084 sententia
1557 3019 1717 3100 definitur,
1749 3029 1857 3085 utrum

370 3129 513 3195 audeant
536 3129 718 3192 ministrare
742 3127 786 3209 hi,
810 3128 866 3213 qui
889 3128 1101 3213 penitentiam
1124 3127 1158 3190 in
1182 3126 1364 3192 sacerdotio
1388 3128 1553 3193 constituti
1577 3128 1752 3213 accipiunt.

477 3234 678 3300 Undecimus
717 3255 846 3321 quoque
884 3255 990 3298 canon
1027 3231 1179 3315 babetur,
1226 3255 1267 3297 nc
1306 3234 1377 3321 quis
1417 3233 1558 3299 alienum
1604 3233 1758 3299 clericum
1804 3234 1856 3298 vel

369 3342 564 3408 monachum
588 3341 745 3428 suscipiat
766 3340 955 3426 fugientem.

476 3449 698 3513 Duodecimus
722 3458 796 3534 post
817 3447 878 3512 hec
901 3469 1006 3512 canon
1030 3447 1181 3512 scribitur
1200 3446 1241 3512 de
1264 3470 1329 3512 non
1350 3448 1671 3513 excommunicandis
1688 3472 1708 3513 a
1723 3449 1855 3536 proprio

370 3557 523 3643 episcopo
547 3555 694 3642 personis
718 3554 791 3636 illis,
822 3576 885 3641 que
915 3554 957 3619 ad
988 3554 1269 3641 metropolitanum
1299 3577 1393 3619 suum
1421 3557 1553 3640 negotia
1582 3578 1641 3621 sua
1671 3557 1855 3642 suggesturi

369 3663 576 3728 accesserint.

476 3769 615 3834 Ultimus
650 3778 682 3833 et
715 3769 828 3833 tertius
858 3767 1003 3834 decimus
1033 3785 1107 3855 post
1136 3767 1221 3833 hunc
1252 3791 1356 3833 canon
1392 3767 1599 3856 subsequitur
1628 3769 1668 3833 de
1699 3768 1854 3835 relatione

338 3894 341 3902 ’
369 3879 557 3964 gratiarum,
582 3897 645 3962 qne
669 3887 742 3962 post
764 3876 985 3961 peractionem
1010 3874 1139 3940 concilii
1163 3874 1235 3940 Deo
1260 3886 1292 3940 et
1315 3876 1454 3962 principi
1478 3875 1714 3963 persolvantur.

477 3983 549 4064 Que
580 3983 688 4049 omnia
724 3983 882 4070 premissa
912 3981 1104 4046 sinodalium
1139 3982 1375 4046 institutionum
1413 3981 1546 4047 decreta
1580 4005 1599 4046 a
1628 3983 1771 4069 presenti
1801 3982 1854 4048 die

368 4090 422 4156 vel
445 4101 589 4177 tempore
614 4091 701 4154 omni
725 4111 804 4154 cura
827 4090 978 4174 omnique
1002 4087 1171 4174 vigilantia
1194 4110 1254 4174 per
1277 4099 1410 4153 cunctas
1433 4090 1525 4174 regni
1548 4091 1649 4154 nostri
1669 4090 1854 4176 provincias

371 4197 575 4263 decernimus
603 4194 824 4278 observanda3
856 4194 995 4282 qualiter
1024 4207 1056 4259 et
1085 4196 1294 4282 perspicuum
1323 4197 1523 4261 auctoritatis
1552 4195 1660 4261 valide
1690 4196 1855 4282 fastigium

370 4303 509 4370 subeant
538 4313 570 4368 et
604 4313 760 4390 perpetuo
793 4303 915 4388 vigoris
952 4301 1064 4366 ordine
1099 4301 1238 4366 solidata
1271 4304 1454 4389 persistant.
1509 4301 1728 4384 Quamobrem
1763 4326 1854 4368 sacre

372 4410 466 4475 huius
490 4410 571 4496 legis
595 4408 725 4475 oraculo
750 4407 899 4474 omnibus
922 4408 1127 4494 generaliter,
1151 4408 1311 4495 religiosis
1335 4420 1432 4496 atque
1456 4411 1554 4475 etiam
1576 4409 1669 4474 laicis
1686 4409 1746 4474 sub
1761 4412 1855 4496 regni

370 4519 471 4583 nostri
494 4516 615 4582 ditione
640 4515 855 4597 manentibus,
879 4514 1101 4581 interdicimus
1121 4517 1243 4603 pariter
1259 4526 1290 4580 et
1306 4515 1464 4596 iubemus,
1481 4527 1516 4580 ut
1531 4515 1679 4603 predicta
1695 4516 1854 4582 sinodalia

370 4634 463 4712 gesta
485 4623 591 4689 nullus
615 4633 810 4704 contemnat,
834 4622 940 4687 nullus
963 4623 1062 4686 etiam
1085 4623 1241 4708 preterire
1271 4633 1327 4686 aut
1358 4621 1540 4687 convellere
1569 4621 1697 4687 audeat.
1750 4623 1853 4688 Nemo

369 4741 464 4796 notus
501 4731 615 4795 harum
653 4731 915 4796 constitutionum
954 4730 1025 4794 iura
1059 4729 1209 4810 resolvat,
1247 4751 1341 4794 nenio
1380 4730 1563 4815 incognitus
1603 4730 1780 4795 nescientis
1819 4753 1853 4795 se

316 4952 381 5012 XII,
403 4953 427 5012 1,
446 4952 471 5002 3.
513 4950 531 5001 1.
552 4953 575 5000 1.
604 4943 782 5014 relaxatione]
802 4948 934 5000 relatione
954 4947 1015 4998 ΕΙ.
1037 4948 1092 4998 Vl.
1113 4947 1181 4998 Pt'tb.
1213 4947 1221 5005 ll
1254 4949 1270 4999 l.
1290 4951 1314 4997 4.
1343 4942 1410 5011 sive]
1430 4947 1473 4998 val
1494 4947 1565 4998 Mas.
1613 4947 1721 5015 populis
1740 4945 1851 5013 reiacetl

209 5041 319 5109 populis
346 5047 435 5110 nostre
462 5041 584 5091 reincent
609 5037 637 5088 Ε
655 5041 678 5088 l.
703 5038 727 5086 V
743 5041 773 5101 13
799 5037 908 5104 populis
934 5038 1033 5088 uostris
1059 5039 1162 5088 reincet
1188 5035 1255 5086 Pitlr.
1311 5036 1492 5088 adsolutionis
1519 5035 1546 5087 Ε
1564 5039 1587 5088 1.
1642 5039 1759 5089 debeant
1786 5037 1813 5088 E
1831 5042 1853 5089 1.

210 5131 227 5182 l.
244 5133 268 5182 1.
297 5125 339 5195 de]
357 5145 406 5196 pro
426 5128 497 5179 Mas.
552 5129 701 5179 monitione
721 5126 784 5178 ΕΙ.
804 5127 872 5178 ssu.
926 5126 1011 5194 prolis
1036 5126 1103 5177 deest
1127 5125 1154 5175 Ε
1173 5128 1194 5176 1.
1249 5142 1329 5191 quem
1349 5122 1486 5192 prompto]
1506 5142 1586 5192 quum
1606 5133 1746 5192 promptae
1766 5127 1854 5189 Mud.,·

210 5235 290 5286 quam
310 5223 433 5286 prompto
453 5217 521 5268 aa.
548 5215 557 5276 ll
584 5217 601 5268 l.
619 5219 643 5267 8.
666 5212 774 5281 adnisu]
794 5215 830 5268 ita
849 5215 881 5266 Ε.
901 5217 925 5265 V
933 5219 957 5266 4.
978 5219 1002 5266 5.
1022 5215 1089 5266 Ru.
1108 5215 1136 5266 io
1153 5215 1282 5282 naar-piae,-
1299 5216 1424 5266 adnisum
1444 5215 1507 5275 V1;
1527 5215 1625 5266 affeetu
1644 5215 1712 5266 Pitlr.
1730 5217 1758 5266 in
1778 5226 1853 5267 taeta.

164 5317 192 5360 st
210 5307 282 5360 Mad.
308 5307 317 5370 ΙΙ
344 5309 421 5360 111.
445 5301 585 5373 copulare]
605 5307 711 5358 sociare
731 5305 803 5356 Mad.
828 5304 837 5365 ll
864 5305 881 5356 l.
899 5308 940 5356 13.
962 5301 1100 5369 servitute]
1119 5305 1157 5356 itu
1175 5305 1230 5356 edd.
1252 5305 1341 5366 Conc.;
1360 5306 1462 5355 servitu
1481 5303 1509 5354 Ε
1520 5307 1543 5356 1.
1563 5304 1648 5366 Rem
1667 5307 1780 5356 servitio
1799 5315 1853 5357 cett.

210 5399 289 5449 tlt.
316 5397 494 5463 subparstitcs
513 5394 582 5457 Ε1;
601 5402 736 5462 superstes
757 5395 780 5442 V
790 5397 813 5445 1.
845 5392 853 5454 ll
886 5395 902 5445 l.
924 5397 965 5444 16.
993 5394 1176 5445 decidentium
1201 5393 1230 5444 Ε
1248 5397 1270 5444 1.
1295 5394 1320 5442 V
1336 5397 1359 5445 1.
1391 5392 1399 5452 ll
1431 5394 1448 5443 l.
1470 5395 1510 5444 18.
1539 5411 1587 5461 pro
1614 5389 1777 5459 accidentia]
1805 5413 1854 5462 per

211 5487 398 5538 accidentibus
424 5485 483 5536 Vl.
516 5482 524 5545 ll
556 5485 573 5534 l.
593 5486 635 5535 20.
664 5486 777 5550 quisque
796 5482 859 5534 ΕΙ.
879 5483 935 5532 Vl.
967 5481 976 5542 ll
1007 5484 1024 5534 l.
1044 5484 1087 5534 23.
1115 5483 1260 5535 duodecim
1279 5481 1342 5533 ΕΙ.
1397 5483 1470 5548 quod
1489 5477 1601 5547 facturn]
1623 5485 1669 5548 qui
1688 5484 1777 5534 factus
1796 5483 1852 5535 Vl.

210 5575 288 5627 125.
316 5575 494 5645 penitentiam
514 5573 576 5624 ΕΙ.
608 5573 616 5634 {l
648 5574 665 5624 l.
685 5575 727 5625 29.
755 5570 1000 5638 metropolitarium
1019 5570 1081 5622 ΕΙ.
1136 5567 1300 5637 suggesturi]
1320 5572 1358 5622 ita
1376 5572 1401 5622 V
1411 5575 1433 5622 1.
1453 5575 1477 5622 4.
1497 5571 1582 5634 Ptin,-
1607 5574 1753 5638 suggesnri
1778 5572 1806 5622 Ε
1824 5576 1852 5634 1;

209 5665 367 5732 suggessuri
393 5663 461 5725 V·5;
489 5663 633 5714 dicendum
661 5657 733 5712 Mad.
768 5659 777 5721 ll
811 5661 827 5712 l.
848 5662 889 5712 30.
922 5668 1096 5712 accesserunt
1121 5661 1145 5710 V
1160 5663 1183 5711 1.
1218 5659 1227 5722 ΙΙ
1261 5662 1279 5711 l.
1298 5663 1340 5712 35.
1365 5662 1512 5726 vestigium
1538 5661 1566 5712 Ε
1584 5664 1608 5712 1.
1640 5659 1648 5721 ll
1680 5662 1696 5712 l.
1717 5663 1760 5712 33.
1790 5677 1853 5712 con-

164 5765 193 5804 so
210 5747 320 5816 temnat]
341 5753 503 5803 condemnat
521 5750 549 5802 Ε
562 5755 584 5802 1.
616 5749 624 5810 ll
656 5751 673 5802 l.
693 5753 735 5802 40.
763 5745 921 5812 nescientia]
941 5751 1074 5800 nescienti
1093 5749 1155 5800 Ε1.
1176 5750 1232 5800 Vl.
1251 5750 1319 5801 lta.

266 5854 310 5898 LL.
323 5853 383 5898 Stet.
397 5855 416 5898 1.
445 5853 462 5898 l.
1608 5858 1641 5906 52
