<?xml version="1.0" encoding="UTF-8"?>
<!DOCTYPE html PUBLIC "-//W3C//DTD XHTML 1.0 Transitional//EN"
    "http://www.w3.org/TR/xhtml1/DTD/xhtml1-transitional.dtd">
<html xmlns="http://www.w3.org/1999/xhtml" xml:lang="en" lang="en">
 <head>
  <title>
</title>
<meta http-equiv="Content-Type" content="text/html;charset=utf-8" />
  <meta name='ocr-system' content='tesseract 3.04.00' />
  <meta name='ocr-capabilities' content='ocr_page ocr_carea ocr_par ocr_line ocrx_word'/>
</head>
<body>
  <div class='ocr_page' id='page_1' title='image "./legesvisigothor00zeumgoog/legesvisigothor00zeumgoog_0070.png"; bbox 0 0 4372 6254; ppageno 0'>
   <div class='ocr_carea' id='block_1_1' title="bbox 557 327 1367 387">
    <p class='ocr_par' dir='ltr' id='par_1_1' title="bbox 557 327 1367 387">
     <span class='ocr_line' id='line_1_1' title="bbox 557 327 1367 387; baseline -0.002 -3"><span class='ocrx_word' id='word_1_1' title='bbox 557 327 711 386; x_wconf 83' lang='lat' dir='ltr'><strong>CODICIS</strong></span> <span class='ocrx_word' id='word_1_2' title='bbox 735 329 938 387; x_wconf 81' lang='lat' dir='ltr'><strong>EURICIANI</strong></span> <span class='ocrx_word' id='word_1_3' title='bbox 961 327 1085 384; x_wconf 85' lang='lat' dir='ltr'>LEGES</span> <span class='ocrx_word' id='word_1_4' title='bbox 1110 327 1367 383; x_wconf 85' lang='lat' dir='ltr'><strong>RESTITUTAE.</strong></span> 
     </span>
    </p>
   </div>
   <div class='ocr_carea' id='block_1_2' title="bbox 739 516 1190 600">
    <p class='ocr_par' dir='ltr' id='par_1_2' title="bbox 739 516 1190 600">
     <span class='ocr_line' id='line_1_2' title="bbox 739 516 1190 600; baseline -0.009 -20"><span class='ocrx_word' id='word_1_5' title='bbox 739 516 1190 600; x_wconf 55' lang='lat' dir='ltr'><strong>smmsmm</strong></span> 
     </span>
    </p>
   </div>
   <div class='ocr_carea' id='block_1_3' title="bbox 99 636 1792 1046">
    <p class='ocr_par' dir='ltr' id='par_1_3' title="bbox 133 636 1792 942">
     <span class='ocr_line' id='line_1_3' title="bbox 244 636 1792 726; baseline -0.003 -22"><span class='ocrx_word' id='word_1_6' title='bbox 244 638 303 704; x_wconf 83' lang='lat' dir='ltr'><strong>Sil</strong></span> <span class='ocrx_word' id='word_1_7' title='bbox 326 661 410 726; x_wconf 89' lang='lat' dir='ltr'><strong>quae</strong></span> <span class='ocrx_word' id='word_1_8' title='bbox 434 639 551 704; x_wconf 86' lang='lat' dir='ltr'><strong>mulier</strong></span> <span class='ocrx_word' id='word_1_9' title='bbox 573 639 628 704; x_wconf 82' lang='lat' dir='ltr'><strong>alii</strong></span> <span class='ocrx_word' id='word_1_10' title='bbox 642 641 807 726; x_wconf 91' lang='lat' dir='ltr'><strong>potionem</strong></span> <span class='ocrx_word' id='word_1_11' title='bbox 823 640 959 722; x_wconf 84' lang='lat' dir='ltr'>dederit,</span> <span class='ocrx_word' id='word_1_12' title='bbox 977 651 1012 704; x_wconf 89' lang='lat' dir='ltr'><strong>ut</strong></span> <span class='ocrx_word' id='word_1_13' title='bbox 1027 662 1180 704; x_wconf 79' lang='lat' dir='ltr'><strong>avorsum</strong></span> <span class='ocrx_word' id='word_1_14' title='bbox 1196 638 1329 720; x_wconf 88' lang='lat' dir='ltr'><strong>faceret,</strong></span> <span class='ocrx_word' id='word_1_15' title='bbox 1347 640 1373 701; x_wconf 94' lang='lat' dir='ltr'><strong>si</strong></span> <span class='ocrx_word' id='word_1_16' title='bbox 1390 637 1509 702; x_wconf 86' lang='lat' dir='ltr'><strong>ancilla</strong></span> <span class='ocrx_word' id='word_1_17' title='bbox 1525 648 1584 720; x_wconf 89' lang='lat' dir='ltr'><strong>est,</strong></span> <span class='ocrx_word' id='word_1_18' title='bbox 1602 651 1646 702; x_wconf 80' lang='lat' dir='ltr'><strong>Oc</strong></span> <span class='ocrx_word' id='word_1_19' title='bbox 1662 636 1792 722; x_wconf 88' lang='lat' dir='ltr'><strong>flagella</strong></span> 
     </span>
     <span class='ocr_line' id='line_1_4' title="bbox 133 742 1791 833; baseline -0.002 -23"><span class='ocrx_word' id='word_1_20' title='bbox 133 747 303 832; x_wconf 84' lang='lat' dir='ltr'><strong>suscipiat,</strong></span> <span class='ocrx_word' id='word_1_21' title='bbox 339 757 371 810; x_wconf 90' lang='lat' dir='ltr'><strong>et</strong></span> <span class='ocrx_word' id='word_1_22' title='bbox 401 747 429 810; x_wconf 90' lang='lat' dir='ltr'><strong>si</strong></span> <span class='ocrx_word' id='word_1_23' title='bbox 458 747 611 832; x_wconf 84' lang='lat' dir='ltr'><strong>ingenua,</strong></span> <span class='ocrx_word' id='word_1_24' title='bbox 647 757 758 812; x_wconf 88' lang='lat' dir='ltr'><strong>careat</strong></span> <span class='ocrx_word' id='word_1_25' title='bbox 787 746 980 828; x_wconf 86' lang='lat' dir='ltr'><strong>libertatem,</strong></span> <span class='ocrx_word' id='word_1_26' title='bbox 1012 747 1144 810; x_wconf 89' lang='lat' dir='ltr'><strong>servitio</strong></span> <span class='ocrx_word' id='word_1_27' title='bbox 1175 744 1363 831; x_wconf 89' lang='lat' dir='ltr'><strong>deputanda</strong></span> <span class='ocrx_word' id='word_1_28' title='bbox 1393 745 1446 809; x_wconf 91' lang='lat' dir='ltr'><strong>cui</strong></span> <span class='ocrx_word' id='word_1_29' title='bbox 1478 743 1700 833; x_wconf 61' lang='lat' dir='ltr'><strong>{iusserimus}</strong></span> <span class='ocrx_word' id='word_1_30' title='bbox 1755 742 1791 808; x_wconf 86' lang='lat' dir='ltr'><strong>Si</strong></span> 
     </span>
     <span class='ocr_line' id='line_1_5' title="bbox 134 850 1789 942; baseline -0.001 -26"><span class='ocrx_word' id='word_1_31' title='bbox 134 853 209 938; x_wconf 91' lang='lat' dir='ltr'><strong>quis</strong></span> <span class='ocrx_word' id='word_1_32' title='bbox 238 850 431 940; x_wconf 87' lang='lat' dir='ltr'><strong>mulier[em]</strong></span> <span class='ocrx_word' id='word_1_33' title='bbox 464 853 531 916; x_wconf 90' lang='lat' dir='ltr'><strong>ictu</strong></span> <span class='ocrx_word' id='word_1_34' title='bbox 561 851 706 939; x_wconf 89' lang='lat' dir='ltr'><strong>quolibet</strong></span> <span class='ocrx_word' id='word_1_35' title='bbox 735 850 909 942; x_wconf 80' lang='lat' dir='ltr'><strong>abor[tare]</strong></span> <span class='ocrx_word' id='word_1_36' title='bbox 942 853 1073 934; x_wconf 85' lang='lat' dir='ltr'><strong>fecerit,</strong></span> <span class='ocrx_word' id='word_1_37' title='bbox 1107 853 1134 916; x_wconf 88' lang='lat' dir='ltr'><strong>si</strong></span> <span class='ocrx_word' id='word_1_38' title='bbox 1163 851 1280 916; x_wconf 89' lang='lat' dir='ltr'><strong>mulier</strong></span> <span class='ocrx_word' id='word_1_39' title='bbox 1312 861 1441 916; x_wconf 90' lang='lat' dir='ltr'><strong>mortua</strong></span> <span class='ocrx_word' id='word_1_40' title='bbox 1474 851 1588 933; x_wconf 88' lang='lat' dir='ltr'><strong>fuerit,</strong></span> <span class='ocrx_word' id='word_1_41' title='bbox 1623 861 1789 936; x_wconf 90' lang='lat' dir='ltr'><strong>tamquam</strong></span> 
     </span>
    </p>

    <p class='ocr_par' dir='ltr' id='par_1_4' title="bbox 99 957 1315 1046">
     <span class='ocr_line' id='line_1_6' title="bbox 99 957 1315 1046; baseline 0 -24"><span class='ocrx_word' id='word_1_42' title='bbox 99 957 302 1023; x_wconf 84' lang='lat' dir='ltr'><strong>shomicida</strong></span> <span class='ocrx_word' id='word_1_43' title='bbox 323 969 482 1024; x_wconf 87' lang='lat' dir='ltr'><strong>teneatur.</strong></span> <span class='ocrx_word' id='word_1_44' title='bbox 530 959 566 1026; x_wconf 86' lang='lat' dir='ltr'><strong>Si</strong></span> <span class='ocrx_word' id='word_1_45' title='bbox 589 969 697 1024; x_wconf 84' lang='lat' dir='ltr'><strong>autem</strong></span> <span class='ocrx_word' id='word_1_46' title='bbox 721 970 846 1024; x_wconf 85' lang='lat' dir='ltr'><strong>tantum</strong></span> <span class='ocrx_word' id='word_1_47' title='bbox 868 970 980 1046; x_wconf 89' lang='lat' dir='ltr'><strong>partus</strong></span> <span class='ocrx_word' id='word_1_48' title='bbox 1005 960 1206 1044; x_wconf 83' lang='lat' dir='ltr'><strong>extinguitur</strong></span> <span class='ocrx_word' id='word_1_49' title='bbox 1252 1006 1260 1022; x_wconf 92' lang='lat'><strong>.</strong></span> <span class='ocrx_word' id='word_1_50' title='bbox 1308 1007 1315 1022; x_wconf 93' lang='lat'><strong>.</strong></span> 
     </span>
    </p>
   </div>
   <div class='ocr_carea' id='block_1_4' title="bbox 788 1138 1141 1222">
    <p class='ocr_par' dir='ltr' id='par_1_5' title="bbox 788 1138 1141 1222">
     <span class='ocr_line' id='line_1_7' title="bbox 788 1138 1141 1222; baseline 0 -21"><span class='ocrx_word' id='word_1_51' title='bbox 788 1138 1141 1222; x_wconf 60' lang='lat' dir='ltr'><strong>emmam</strong></span> 
     </span>
    </p>
   </div>
   <div class='ocr_carea' id='block_1_5' title="bbox 134 1259 1789 1562">
    <p class='ocr_par' dir='ltr' id='par_1_6' title="bbox 134 1259 1789 1562">
     <span class='ocr_line' id='line_1_8' title="bbox 245 1259 1789 1349; baseline 0 -24"><span class='ocrx_word' id='word_1_52' title='bbox 245 1259 332 1349; x_wconf 67' lang='lat' dir='ltr'><strong>[Fun</strong></span> <span class='ocrx_word' id='word_1_53' title='bbox 358 1262 414 1348; x_wconf 92' lang='lat' dir='ltr'><strong>qui</strong></span> <span class='ocrx_word' id='word_1_54' title='bbox 436 1285 496 1348; x_wconf 89' lang='lat' dir='ltr'><strong>per</strong></span> <span class='ocrx_word' id='word_1_55' title='bbox 519 1261 605 1327; x_wconf 93' lang='lat' dir='ltr'><strong>diem</strong></span> <span class='ocrx_word' id='word_1_56' title='bbox 629 1261 737 1348; x_wconf 88' lang='lat' dir='ltr'><strong>gladio</strong></span> <span class='ocrx_word' id='word_1_57' title='bbox 762 1284 797 1326; x_wconf 93' lang='lat' dir='ltr'><strong>se</strong></span> <span class='ocrx_word' id='word_1_58' title='bbox 821 1261 992 1326; x_wconf 86' lang='lat' dir='ltr'><strong>defensare</strong></span> <span class='ocrx_word' id='word_1_59' title='bbox 1008 1261 1157 1343; x_wconf 85' lang='lat' dir='ltr'><strong>voluerit,</strong></span> <span class='ocrx_word' id='word_1_60' title='bbox 1182 1261 1210 1324; x_wconf 89' lang='lat' dir='ltr'><strong>si</strong></span> <span class='ocrx_word' id='word_1_61' title='bbox 1232 1261 1331 1325; x_wconf 88' lang='lat' dir='ltr'><strong>fuerit</strong></span> <span class='ocrx_word' id='word_1_62' title='bbox 1347 1261 1483 1342; x_wconf 90' lang='lat' dir='ltr'><strong>occisus,</strong></span> <span class='ocrx_word' id='word_1_63' title='bbox 1500 1283 1586 1324; x_wconf 88' lang='lat' dir='ltr'><strong>mors</strong></span> <span class='ocrx_word' id='word_1_64' title='bbox 1603 1261 1672 1325; x_wconf 91' lang='lat' dir='ltr'><strong>eius</strong></span> <span class='ocrx_word' id='word_1_65' title='bbox 1688 1261 1789 1325; x_wconf 89' lang='lat' dir='ltr'><strong>nulla-</strong></span> 
     </span>
     <span class='ocr_line' id='line_1_9' title="bbox 134 1366 1787 1457; baseline -0.001 -26"><span class='ocrx_word' id='word_1_66' title='bbox 134 1379 229 1432; x_wconf 91' lang='lat' dir='ltr'><strong>tenus</strong></span> <span class='ocrx_word' id='word_1_67' title='bbox 252 1368 458 1457; x_wconf 75' lang='lat' dir='ltr'><strong>requiratur]</strong></span> <span class='ocrx_word' id='word_1_68' title='bbox 506 1369 575 1432; x_wconf 83' lang='lat' dir='ltr'><strong>Fur</strong></span> <span class='ocrx_word' id='word_1_69' title='bbox 596 1366 798 1457; x_wconf 86' lang='lat' dir='ltr'><strong>noeturn[us]</strong></span> <span class='ocrx_word' id='word_1_70' title='bbox 824 1380 939 1455; x_wconf 85' lang='lat' dir='ltr'><strong>captus</strong></span> <span class='ocrx_word' id='word_1_71' title='bbox 962 1370 995 1434; x_wconf 88' lang='lat' dir='ltr'><strong>in</strong></span> <span class='ocrx_word' id='word_1_72' title='bbox 1019 1369 1115 1450; x_wconf 86' lang='lat' dir='ltr'><strong>furto,</strong></span> <span class='ocrx_word' id='word_1_73' title='bbox 1140 1368 1216 1433; x_wconf 90' lang='lat' dir='ltr'><strong>dum</strong></span> <span class='ocrx_word' id='word_1_74' title='bbox 1240 1390 1293 1432; x_wconf 90' lang='lat' dir='ltr'><strong>res</strong></span> <span class='ocrx_word' id='word_1_75' title='bbox 1316 1368 1454 1432; x_wconf 86' lang='lat' dir='ltr'><strong>furtivas</strong></span> <span class='ocrx_word' id='word_1_76' title='bbox 1478 1389 1589 1432; x_wconf 87' lang='lat' dir='ltr'><strong>secum</strong></span> <span class='ocrx_word' id='word_1_77' title='bbox 1612 1379 1729 1454; x_wconf 88' lang='lat' dir='ltr'><strong>portat,</strong></span> <span class='ocrx_word' id='word_1_78' title='bbox 1761 1369 1787 1431; x_wconf 92' lang='lat' dir='ltr'><strong>si</strong></span> 
     </span>
     <span class='ocr_line' id='line_1_10' title="bbox 134 1474 1189 1562; baseline 0.001 -24"><span class='ocrx_word' id='word_1_79' title='bbox 134 1475 233 1538; x_wconf 85' lang='lat' dir='ltr'><strong>fuerit</strong></span> <span class='ocrx_word' id='word_1_80' title='bbox 256 1475 393 1557; x_wconf 87' lang='lat' dir='ltr'><strong>occisus,</strong></span> <span class='ocrx_word' id='word_1_81' title='bbox 417 1475 506 1540; x_wconf 85' lang='lat' dir='ltr'><strong>nulla</strong></span> <span class='ocrx_word' id='word_1_82' title='bbox 530 1498 572 1540; x_wconf 89' lang='lat' dir='ltr'><strong>ex</strong></span> <span class='ocrx_word' id='word_1_83' title='bbox 594 1475 656 1540; x_wconf 93' lang='lat' dir='ltr'><strong>hoc</strong></span> <span class='ocrx_word' id='word_1_84' title='bbox 680 1474 847 1540; x_wconf 90' lang='lat' dir='ltr'><strong>homicidii</strong></span> <span class='ocrx_word' id='word_1_85' title='bbox 871 1476 1004 1562; x_wconf 89' lang='lat' dir='ltr'><strong>querela</strong></span> <span class='ocrx_word' id='word_1_86' title='bbox 1026 1487 1189 1540; x_wconf 83' lang='lat' dir='ltr'><strong>nascatur.</strong></span> 
     </span>
    </p>
   </div>
   <div class='ocr_carea' id='block_1_6' title="bbox 87 1654 1138 1740">
    <p class='ocr_par' dir='ltr' id='par_1_7' title="bbox 87 1654 1138 1740">
     <span class='ocr_line' id='line_1_11' title="bbox 87 1654 1138 1740; baseline 0.001 -23"><span class='ocrx_word' id='word_1_87' title='bbox 87 1680 115 1718; x_wconf 84' lang='lat' dir='ltr'><strong>ro</strong></span> <span class='ocrx_word' id='word_1_88' title='bbox 787 1657 816 1718; x_wconf 86' lang='lat'><strong>5.</strong></span> <span class='ocrx_word' id='word_1_89' title='bbox 858 1654 910 1738; x_wconf 83' lang='lat' dir='ltr'><strong>(L.</strong></span> <span class='ocrx_word' id='word_1_90' title='bbox 937 1655 1011 1720; x_wconf 76' lang='lat' dir='ltr'><strong>Bai.</strong></span> <span class='ocrx_word' id='word_1_91' title='bbox 1038 1657 1068 1735; x_wconf 87' lang='lat'><strong>9,</strong></span> <span class='ocrx_word' id='word_1_92' title='bbox 1094 1656 1138 1740; x_wconf 85' lang='lat'><strong>6.)</strong></span> 
     </span>
    </p>
   </div>
   <div class='ocr_carea' id='block_1_7' title="bbox 89 1776 1788 2400">
    <p class='ocr_par' dir='ltr' id='par_1_8' title="bbox 134 1776 1787 2187">
     <span class='ocr_line' id='line_1_12' title="bbox 242 1776 1787 1865; baseline -0.001 -23"><span class='ocrx_word' id='word_1_93' title='bbox 242 1776 279 1842; x_wconf 84' lang='lat' dir='ltr'><strong>Si</strong></span> <span class='ocrx_word' id='word_1_94' title='bbox 302 1779 374 1865; x_wconf 91' lang='lat' dir='ltr'><strong>quis</strong></span> <span class='ocrx_word' id='word_1_95' title='bbox 398 1778 540 1843; x_wconf 85' lang='lat' dir='ltr'><strong>alienum</strong></span> <span class='ocrx_word' id='word_1_96' title='bbox 563 1801 693 1844; x_wconf 89' lang='lat' dir='ltr'><strong>servum</strong></span> <span class='ocrx_word' id='word_1_97' title='bbox 722 1778 765 1843; x_wconf 93' lang='lat' dir='ltr'><strong>ad</strong></span> <span class='ocrx_word' id='word_1_98' title='bbox 795 1779 917 1843; x_wconf 85' lang='lat' dir='ltr'><strong>furtum</strong></span> <span class='ocrx_word' id='word_1_99' title='bbox 947 1779 1085 1843; x_wconf 80' lang='lat' dir='ltr'><strong>suaserit</strong></span> <span class='ocrx_word' id='word_1_100' title='bbox 1114 1789 1171 1842; x_wconf 89' lang='lat' dir='ltr'><strong>aut</strong></span> <span class='ocrx_word' id='word_1_101' title='bbox 1200 1776 1324 1864; x_wconf 90' lang='lat' dir='ltr'><strong>aliquid</strong></span> <span class='ocrx_word' id='word_1_102' title='bbox 1353 1776 1544 1842; x_wconf 80' lang='lat' dir='ltr'><strong>damnosum</strong></span> <span class='ocrx_word' id='word_1_103' title='bbox 1574 1778 1608 1841; x_wconf 92' lang='lat' dir='ltr'><strong>in</strong></span> <span class='ocrx_word' id='word_1_104' title='bbox 1639 1776 1787 1841; x_wconf 90' lang='lat' dir='ltr'><strong>fraudem</strong></span> 
     </span>
     <span class='ocr_line' id='line_1_13' title="bbox 134 1882 1787 1972; baseline 0.001 -25"><span class='ocrx_word' id='word_1_105' title='bbox 134 1882 258 1948; x_wconf 90' lang='lat' dir='ltr'><strong>domini</strong></span> <span class='ocrx_word' id='word_1_106' title='bbox 273 1885 334 1966; x_wconf 89' lang='lat' dir='ltr'><strong>sui,</strong></span> <span class='ocrx_word' id='word_1_107' title='bbox 350 1895 386 1949; x_wconf 91' lang='lat' dir='ltr'><strong>ut</strong></span> <span class='ocrx_word' id='word_1_108' title='bbox 401 1895 512 1971; x_wconf 88' lang='lat' dir='ltr'><strong>posset</strong></span> <span class='ocrx_word' id='word_1_109' title='bbox 527 1908 684 1950; x_wconf 90' lang='lat' dir='ltr'><strong>accusare</strong></span> <span class='ocrx_word' id='word_1_110' title='bbox 701 1909 785 1968; x_wconf 88' lang='lat' dir='ltr'><strong>eum,</strong></span> <span class='ocrx_word' id='word_1_111' title='bbox 803 1896 836 1950; x_wconf 90' lang='lat' dir='ltr'><strong>et</strong></span> <span class='ocrx_word' id='word_1_112' title='bbox 850 1885 939 1950; x_wconf 88' lang='lat' dir='ltr'><strong>fraus</strong></span> <span class='ocrx_word' id='word_1_113' title='bbox 951 1886 1025 1972; x_wconf 88' lang='lat' dir='ltr'><strong>ipsa</strong></span> <span class='ocrx_word' id='word_1_114' title='bbox 1036 1886 1134 1950; x_wconf 88' lang='lat' dir='ltr'><strong>fuerit</strong></span> <span class='ocrx_word' id='word_1_115' title='bbox 1146 1885 1276 1949; x_wconf 89' lang='lat' dir='ltr'><strong>detecta</strong></span> <span class='ocrx_word' id='word_1_116' title='bbox 1291 1906 1350 1971; x_wconf 89' lang='lat' dir='ltr'><strong>per</strong></span> <span class='ocrx_word' id='word_1_117' title='bbox 1361 1884 1647 1970; x_wconf 83' lang='lat' dir='ltr'><strong>investigationem</strong></span> <span class='ocrx_word' id='word_1_118' title='bbox 1659 1882 1787 1965; x_wconf 88' lang='lat' dir='ltr'><strong>iudicis,</strong></span> 
     </span>
     <span class='ocr_line' id='line_1_14' title="bbox 135 1988 1786 2079; baseline 0 -25"><span class='ocrx_word' id='word_1_119' title='bbox 135 1988 285 2054; x_wconf 88' lang='lat' dir='ltr'><strong>domiuus</strong></span> <span class='ocrx_word' id='word_1_120' title='bbox 311 2014 374 2056; x_wconf 91' lang='lat' dir='ltr'><strong>nec</strong></span> <span class='ocrx_word' id='word_1_121' title='bbox 405 2015 535 2056; x_wconf 87' lang='lat' dir='ltr'><strong>servum</strong></span> <span class='ocrx_word' id='word_1_122' title='bbox 565 1992 682 2079; x_wconf 91' lang='lat' dir='ltr'><strong>perdat</strong></span> <span class='ocrx_word' id='word_1_123' title='bbox 709 2014 771 2056; x_wconf 90' lang='lat' dir='ltr'><strong>nec</strong></span> <span class='ocrx_word' id='word_1_124' title='bbox 801 1991 925 2078; x_wconf 86' lang='lat' dir='ltr'><strong>aliquid</strong></span> <span class='ocrx_word' id='word_1_125' title='bbox 956 1991 1067 2056; x_wconf 87' lang='lat' dir='ltr'><strong>damni</strong></span> <span class='ocrx_word' id='word_1_126' title='bbox 1096 2015 1155 2078; x_wconf 91' lang='lat' dir='ltr'><strong>pro</strong></span> <span class='ocrx_word' id='word_1_127' title='bbox 1186 1992 1419 2078; x_wconf 83' lang='lat' dir='ltr'><strong>compositione</strong></span> <span class='ocrx_word' id='word_1_128' title='bbox 1450 1992 1602 2078; x_wconf 90' lang='lat' dir='ltr'><strong>patiatur,</strong></span> <span class='ocrx_word' id='word_1_129' title='bbox 1634 1989 1693 2054; x_wconf 90' lang='lat' dir='ltr'><strong>sed</strong></span> <span class='ocrx_word' id='word_1_130' title='bbox 1722 1989 1786 2073; x_wconf 92' lang='lat' dir='ltr'><strong>ille,</strong></span> 
     </span>
     <span class='ocr_line' id='line_1_15' title="bbox 135 2096 1786 2187; baseline 0.001 -28"><span class='ocrx_word' id='word_1_131' title='bbox 135 2097 228 2160; x_wconf 86' lang='lat' dir='ltr'><strong>cuius</strong></span> <span class='ocrx_word' id='word_1_132' title='bbox 251 2096 417 2187; x_wconf 88' lang='lat' dir='ltr'><strong>conlu[dio</strong></span> <span class='ocrx_word' id='word_1_133' title='bbox 440 2098 493 2163; x_wconf 90' lang='lat' dir='ltr'><strong>vel</strong></span> <span class='ocrx_word' id='word_1_134' title='bbox 518 2097 681 2187; x_wconf 87' lang='lat' dir='ltr'><strong>sua]sione</strong></span> <span class='ocrx_word' id='word_1_135' title='bbox 706 2101 830 2164; x_wconf 85' lang='lat' dir='ltr'><strong>crimen</strong></span> <span class='ocrx_word' id='word_1_136' title='bbox 853 2099 1029 2163; x_wconf 86' lang='lat' dir='ltr'><strong>admissum</strong></span> <span class='ocrx_word' id='word_1_137' title='bbox 1054 2109 1112 2182; x_wconf 92' lang='lat' dir='ltr'><strong>est,</strong></span> <span class='ocrx_word' id='word_1_138' title='bbox 1143 2109 1307 2185; x_wconf 88' lang='lat' dir='ltr'><strong>tamquam</strong></span> <span class='ocrx_word' id='word_1_139' title='bbox 1338 2097 1391 2162; x_wconf 88' lang='lat' dir='ltr'><strong>fur</strong></span> <span class='ocrx_word' id='word_1_140' title='bbox 1421 2096 1601 2178; x_wconf 84' lang='lat' dir='ltr'><strong>damnetur,</strong></span> <span class='ocrx_word' id='word_1_141' title='bbox 1632 2097 1666 2160; x_wconf 93' lang='lat' dir='ltr'><strong>in</strong></span> <span class='ocrx_word' id='word_1_142' title='bbox 1695 2099 1786 2161; x_wconf 90' lang='lat' dir='ltr'><strong>novi-</strong></span> 
     </span>
    </p>

    <p class='ocr_par' dir='ltr' id='par_1_9' title="bbox 89 2203 1788 2400">
     <span class='ocr_line' id='line_1_16' title="bbox 89 2203 1788 2292; baseline -0.001 -24"><span class='ocrx_word' id='word_1_143' title='bbox 89 2229 116 2268; x_wconf 82' lang='lat' dir='ltr'><strong>a</strong></span> <span class='ocrx_word' id='word_1_144' title='bbox 135 2203 267 2288; x_wconf 90' lang='lat' dir='ltr'><strong>euplum</strong></span> <span class='ocrx_word' id='word_1_145' title='bbox 297 2205 553 2291; x_wconf 85' lang='lat' dir='ltr'><strong>conpositionem</strong></span> <span class='ocrx_word' id='word_1_146' title='bbox 584 2215 720 2292; x_wconf 88' lang='lat' dir='ltr'><strong>cogatur</strong></span> <span class='ocrx_word' id='word_1_147' title='bbox 743 2205 923 2270; x_wconf 84' lang='lat' dir='ltr'><strong>exsolvere.</strong></span> <span class='ocrx_word' id='word_1_148' title='bbox 971 2205 1093 2271; x_wconf 89' lang='lat' dir='ltr'><strong>Servus</strong></span> <span class='ocrx_word' id='word_1_149' title='bbox 1117 2228 1195 2270; x_wconf 85' lang='lat' dir='ltr'><strong>vero</strong></span> <span class='ocrx_word' id='word_1_150' title='bbox 1227 2204 1314 2291; x_wconf 89' lang='lat' dir='ltr'><strong>quod</strong></span> <span class='ocrx_word' id='word_1_151' title='bbox 1344 2205 1417 2269; x_wconf 92' lang='lat' dir='ltr'><strong>tulit</strong></span> <span class='ocrx_word' id='word_1_152' title='bbox 1446 2203 1563 2269; x_wconf 89' lang='lat' dir='ltr'><strong>reddat</strong></span> <span class='ocrx_word' id='word_1_153' title='bbox 1594 2215 1626 2268; x_wconf 92' lang='lat' dir='ltr'><strong>et</strong></span> <span class='ocrx_word' id='word_1_154' title='bbox 1655 2204 1788 2291; x_wconf 89' lang='lat' dir='ltr'><strong>insuper</strong></span> 
     </span>
     <span class='ocr_line' id='line_1_17' title="bbox 136 2309 1018 2400; baseline 0.002 -26"><span class='ocrx_word' id='word_1_155' title='bbox 136 2322 181 2374; x_wconf 82' lang='lat' dir='ltr'><strong>cc</strong></span> <span class='ocrx_word' id='word_1_156' title='bbox 205 2310 287 2374; x_wconf 90' lang='lat' dir='ltr'><strong>ictus</strong></span> <span class='ocrx_word' id='word_1_157' title='bbox 310 2309 512 2397; x_wconf 86' lang='lat' dir='ltr'><strong>flagellorum</strong></span> <span class='ocrx_word' id='word_1_158' title='bbox 536 2322 689 2377; x_wconf 84' lang='lat' dir='ltr'><strong>extensus</strong></span> <span class='ocrx_word' id='word_1_159' title='bbox 712 2312 844 2399; x_wconf 92' lang='lat' dir='ltr'><strong>publice</strong></span> <span class='ocrx_word' id='word_1_160' title='bbox 868 2315 1018 2400; x_wconf 88' lang='lat' dir='ltr'><strong>accipiat.</strong></span> 
     </span>
    </p>
   </div>
   <div class='ocr_carea' id='block_1_8' title="bbox 89 2533 1786 3140">
    <p class='ocr_par' dir='ltr' id='par_1_10' title="bbox 129 2533 1786 2826">
     <span class='ocr_line' id='line_1_18' title="bbox 243 2533 1786 2612; baseline 0.001 -24"><span class='ocrx_word' id='word_1_161' title='bbox 243 2533 272 2589; x_wconf 87' lang='lat'><strong>3.</strong></span> <span class='ocrx_word' id='word_1_162' title='bbox 313 2533 347 2590; x_wconf 92' lang='lat' dir='ltr'><strong>L.</strong></span> <span class='ocrx_word' id='word_1_163' title='bbox 372 2533 427 2591; x_wconf 76' lang='lat' dir='ltr'><strong>Vis.</strong></span> <span class='ocrx_word' id='word_1_164' title='bbox 451 2535 499 2606; x_wconf 90' lang='lat' dir='ltr'><strong>VI,</strong></span> <span class='ocrx_word' id='word_1_165' title='bbox 518 2535 546 2605; x_wconf 87' lang='lat'><strong>3,</strong></span> <span class='ocrx_word' id='word_1_166' title='bbox 567 2536 598 2591; x_wconf 89' lang='lat' dir='ltr'><strong>l:</strong></span> <span class='ocrx_word' id='word_1_167' title='bbox 624 2535 653 2591; x_wconf 89' lang='lat' dir='ltr'><strong>Si</strong></span> <span class='ocrx_word' id='word_1_168' title='bbox 677 2537 739 2608; x_wconf 88' lang='lat' dir='ltr'><strong>quis</strong></span> <span class='ocrx_word' id='word_1_169' title='bbox 763 2535 874 2592; x_wconf 71' lang='lat' dir='ltr'><strong>mulieri</strong></span> <span class='ocrx_word' id='word_1_170' title='bbox 889 2535 1049 2612; x_wconf 65' lang='lat' dir='ltr'><strong>pregnanti</strong></span> <span class='ocrx_word' id='word_1_171' title='bbox 1069 2537 1215 2609; x_wconf 89' lang='lat' dir='ltr'><strong>potionem</strong></span> <span class='ocrx_word' id='word_1_172' title='bbox 1238 2537 1280 2592; x_wconf 90' lang='lat' dir='ltr'><strong>ad</strong></span> <span class='ocrx_word' id='word_1_173' title='bbox 1297 2553 1425 2590; x_wconf 87' lang='lat' dir='ltr'><strong>avorsum</strong></span> <span class='ocrx_word' id='word_1_174' title='bbox 1448 2543 1498 2591; x_wconf 85' lang='lat' dir='ltr'><strong>ant</strong></span> <span class='ocrx_word' id='word_1_175' title='bbox 1519 2553 1578 2609; x_wconf 90' lang='lat' dir='ltr'><strong>pro</strong></span> <span class='ocrx_word' id='word_1_176' title='bbox 1600 2535 1729 2590; x_wconf 88' lang='lat' dir='ltr'><strong>necando</strong></span> <span class='ocrx_word' id='word_1_177' title='bbox 1744 2533 1786 2590; x_wconf 87' lang='lat' dir='ltr'><strong>in-</strong></span> 
     </span>
     <span class='ocr_line' id='line_1_19' title="bbox 129 2640 1785 2719; baseline -0.002 -23"><span class='ocrx_word' id='word_1_178' title='bbox 129 2640 220 2712; x_wconf 85' lang='lat' dir='ltr'><strong>sonte</strong></span> <span class='ocrx_word' id='word_1_179' title='bbox 248 2641 373 2708; x_wconf 86' lang='lat' dir='ltr'><strong>dederit,</strong></span> <span class='ocrx_word' id='word_1_180' title='bbox 403 2641 565 2712; x_wconf 60' lang='lat' dir='ltr'><strong>oeeidatrem</strong></span> <span class='ocrx_word' id='word_1_181' title='bbox 595 2651 622 2700; x_wconf 86' lang='lat' dir='ltr'><strong>et</strong></span> <span class='ocrx_word' id='word_1_182' title='bbox 649 2644 760 2712; x_wconf 88' lang='lat' dir='ltr'><strong>mulier,</strong></span> <span class='ocrx_word' id='word_1_183' title='bbox 791 2662 844 2718; x_wconf 85' lang='lat' dir='ltr'><strong>que</strong></span> <span class='ocrx_word' id='word_1_184' title='bbox 867 2643 1010 2719; x_wconf 85' lang='lat' dir='ltr'><strong>potionem</strong></span> <span class='ocrx_word' id='word_1_185' title='bbox 1037 2644 1080 2700; x_wconf 90' lang='lat' dir='ltr'><strong>ad</strong></span> <span class='ocrx_word' id='word_1_186' title='bbox 1106 2661 1235 2699; x_wconf 85' lang='lat' dir='ltr'><strong>avorsum</strong></span> <span class='ocrx_word' id='word_1_187' title='bbox 1264 2644 1359 2698; x_wconf 86' lang='lat' dir='ltr'><strong>facere</strong></span> <span class='ocrx_word' id='word_1_188' title='bbox 1390 2641 1513 2717; x_wconf 78' lang='lat' dir='ltr'><strong>quesivit,</strong></span> <span class='ocrx_word' id='word_1_189' title='bbox 1545 2643 1568 2695; x_wconf 87' lang='lat' dir='ltr'><strong>si</strong></span> <span class='ocrx_word' id='word_1_190' title='bbox 1598 2642 1701 2696; x_wconf 84' lang='lat' dir='ltr'><strong>ancilla</strong></span> <span class='ocrx_word' id='word_1_191' title='bbox 1731 2649 1785 2709; x_wconf 87' lang='lat' dir='ltr'><strong>est,</strong></span> 
     </span>
     <span class='ocr_line' id='line_1_20' title="bbox 136 2745 1784 2826; baseline 0 -25"><span class='ocrx_word' id='word_1_192' title='bbox 136 2745 184 2801; x_wconf 85' lang='lat' dir='ltr'><strong>CC</strong></span> <span class='ocrx_word' id='word_1_193' title='bbox 207 2747 321 2820; x_wconf 86' lang='lat' dir='ltr'><strong>flagella</strong></span> <span class='ocrx_word' id='word_1_194' title='bbox 343 2749 494 2820; x_wconf 71' lang='lat' dir='ltr'><strong>suscipiat,</strong></span> <span class='ocrx_word' id='word_1_195' title='bbox 518 2750 541 2803; x_wconf 91' lang='lat' dir='ltr'><strong>si</strong></span> <span class='ocrx_word' id='word_1_196' title='bbox 565 2750 690 2822; x_wconf 88' lang='lat' dir='ltr'><strong>ingenua</strong></span> <span class='ocrx_word' id='word_1_197' title='bbox 713 2757 767 2818; x_wconf 89' lang='lat' dir='ltr'><strong>est,</strong></span> <span class='ocrx_word' id='word_1_198' title='bbox 792 2758 887 2806; x_wconf 87' lang='lat' dir='ltr'><strong>eareat</strong></span> <span class='ocrx_word' id='word_1_199' title='bbox 912 2750 1047 2826; x_wconf 80' lang='lat' dir='ltr'><strong>diprritate</strong></span> <span class='ocrx_word' id='word_1_200' title='bbox 1064 2769 1189 2825; x_wconf 72' lang='lat' dir='ltr'><strong>persam</strong></span> <span class='ocrx_word' id='word_1_201' title='bbox 1206 2757 1232 2806; x_wconf 89' lang='lat' dir='ltr'><strong>et</strong></span> <span class='ocrx_word' id='word_1_202' title='bbox 1246 2752 1290 2805; x_wconf 90' lang='lat' dir='ltr'><strong>cui</strong></span> <span class='ocrx_word' id='word_1_203' title='bbox 1306 2751 1468 2805; x_wconf 88' lang='lat' dir='ltr'><strong>iusserimus</strong></span> <span class='ocrx_word' id='word_1_204' title='bbox 1483 2747 1626 2804; x_wconf 71' lang='lat' dir='ltr'><strong>servitura</strong></span> <span class='ocrx_word' id='word_1_205' title='bbox 1642 2747 1784 2803; x_wconf 84' lang='lat' dir='ltr'><strong>tradatur.</strong></span> 
     </span>
    </p>

    <p class='ocr_par' dir='ltr' id='par_1_11' title="bbox 89 2853 1786 3140">
     <span class='ocr_line' id='line_1_21' title="bbox 89 2853 1786 2934; baseline -0.001 -24"><span class='ocrx_word' id='word_1_206' title='bbox 89 2870 117 2910; x_wconf 76' lang='lat' dir='ltr'><strong>aa</strong></span> <span class='ocrx_word' id='word_1_207' title='bbox 135 2883 178 2892; x_wconf 89' lang='lat'><strong>·-</strong></span> <span class='ocrx_word' id='word_1_208' title='bbox 201 2854 248 2924; x_wconf 89' lang='lat' dir='ltr'><strong>VI,</strong></span> <span class='ocrx_word' id='word_1_209' title='bbox 267 2855 295 2924; x_wconf 87' lang='lat'><strong>3,</strong></span> <span class='ocrx_word' id='word_1_210' title='bbox 315 2855 349 2910; x_wconf 84' lang='lat'><strong>2:</strong></span> <span class='ocrx_word' id='word_1_211' title='bbox 375 2855 404 2912; x_wconf 91' lang='lat' dir='ltr'><strong>Si</strong></span> <span class='ocrx_word' id='word_1_212' title='bbox 429 2857 490 2927; x_wconf 85' lang='lat' dir='ltr'><strong>quis</strong></span> <span class='ocrx_word' id='word_1_213' title='bbox 514 2857 660 2912; x_wconf 88' lang='lat' dir='ltr'><strong>mulierem</strong></span> <span class='ocrx_word' id='word_1_214' title='bbox 681 2857 834 2934; x_wconf 64' lang='lat' dir='ltr'><strong>gravidam</strong></span> <span class='ocrx_word' id='word_1_215' title='bbox 851 2857 1026 2932; x_wconf 65' lang='lat' dir='ltr'><strong>perevaserit</strong></span> <span class='ocrx_word' id='word_1_216' title='bbox 1048 2876 1220 2932; x_wconf 86' lang='lat' dir='ltr'><strong>quocumque</strong></span> <span class='ocrx_word' id='word_1_217' title='bbox 1242 2859 1300 2912; x_wconf 86' lang='lat' dir='ltr'><strong>ictu</strong></span> <span class='ocrx_word' id='word_1_218' title='bbox 1324 2865 1375 2912; x_wconf 87' lang='lat' dir='ltr'><strong>aut</strong></span> <span class='ocrx_word' id='word_1_219' title='bbox 1391 2875 1448 2930; x_wconf 89' lang='lat' dir='ltr'><strong>per</strong></span> <span class='ocrx_word' id='word_1_220' title='bbox 1471 2854 1596 2930; x_wconf 71' lang='lat' dir='ltr'><strong>aliquam</strong></span> <span class='ocrx_word' id='word_1_221' title='bbox 1613 2853 1786 2910; x_wconf 78' lang='lat' dir='ltr'><strong>occasionem</strong></span> 
     </span>
     <span class='ocr_line' id='line_1_22' title="bbox 135 2960 1785 3039; baseline -0.001 -23"><span class='ocrx_word' id='word_1_222' title='bbox 135 2960 275 3018; x_wconf 71' lang='lat' dir='ltr'><strong>arctiorem</strong></span> <span class='ocrx_word' id='word_1_223' title='bbox 297 2961 449 3038; x_wconf 71' lang='lat' dir='ltr'><strong>inpensam</strong></span> <span class='ocrx_word' id='word_1_224' title='bbox 471 2964 602 3019; x_wconf 88' lang='lat' dir='ltr'><strong>abortsrc</strong></span> <span class='ocrx_word' id='word_1_225' title='bbox 626 2965 740 3033; x_wconf 87' lang='lat' dir='ltr'><strong>fecerit,</strong></span> <span class='ocrx_word' id='word_1_226' title='bbox 764 2973 790 3020; x_wconf 88' lang='lat' dir='ltr'><strong>et</strong></span> <span class='ocrx_word' id='word_1_227' title='bbox 813 2964 914 3021; x_wconf 81' lang='lat' dir='ltr'><strong>exinde</strong></span> <span class='ocrx_word' id='word_1_228' title='bbox 936 2971 1047 3020; x_wconf 87' lang='lat' dir='ltr'><strong>mortua</strong></span> <span class='ocrx_word' id='word_1_229' title='bbox 1068 2964 1166 3038; x_wconf 84' lang='lat' dir='ltr'><strong>fuerit,</strong></span> <span class='ocrx_word' id='word_1_230' title='bbox 1185 2984 1244 3039; x_wconf 86' lang='lat' dir='ltr'><strong>pro</strong></span> <span class='ocrx_word' id='word_1_231' title='bbox 1266 2963 1415 3019; x_wconf 87' lang='lat' dir='ltr'><strong>homicidio</strong></span> <span class='ocrx_word' id='word_1_232' title='bbox 1440 2961 1589 3037; x_wconf 86' lang='lat' dir='ltr'><strong>puniatur.</strong></span> <span class='ocrx_word' id='word_1_233' title='bbox 1637 2960 1666 3016; x_wconf 89' lang='lat' dir='ltr'><strong>Si</strong></span> <span class='ocrx_word' id='word_1_234' title='bbox 1691 2967 1785 3016; x_wconf 85' lang='lat' dir='ltr'><strong>autem</strong></span> 
     </span>
     <span class='ocr_line' id='line_1_23' title="bbox 135 3069 698 3140; baseline 0.009 -18"><span class='ocrx_word' id='word_1_235' title='bbox 135 3069 300 3125; x_wconf 84' lang='lat' dir='ltr'><strong>tantumodo</strong></span> <span class='ocrx_word' id='word_1_236' title='bbox 322 3077 420 3140; x_wconf 85' lang='lat' dir='ltr'><strong>partus</strong></span> <span class='ocrx_word' id='word_1_237' title='bbox 445 3069 603 3126; x_wconf 63' lang='lat' dir='ltr'><strong>excutiatur</strong></span> <span class='ocrx_word' id='word_1_238' title='bbox 626 3113 632 3127; x_wconf 91' lang='lat'><strong>.</strong></span> <span class='ocrx_word' id='word_1_239' title='bbox 659 3115 665 3126; x_wconf 92' lang='lat'><strong>.</strong></span> <span class='ocrx_word' id='word_1_240' title='bbox 692 3115 698 3127; x_wconf 94' lang='lat'><strong>.</strong></span> 
     </span>
    </p>
   </div>
   <div class='ocr_carea' id='block_1_9' title="bbox 88 3245 1786 3536">
    <p class='ocr_par' dir='ltr' id='par_1_12' title="bbox 88 3245 1786 3536">
     <span class='ocr_line' id='line_1_24' title="bbox 242 3245 1786 3332; baseline 0.002 -30"><span class='ocrx_word' id='word_1_241' title='bbox 242 3246 271 3302; x_wconf 81' lang='lat'><strong>4.</strong></span> <span class='ocrx_word' id='word_1_242' title='bbox 311 3245 362 3304; x_wconf 78' lang='lat' dir='ltr'><strong>Ea·</strong></span> <span class='ocrx_word' id='word_1_243' title='bbox 384 3248 444 3324; x_wconf 72' lang='lat' dir='ltr'><strong>leqe</strong></span> <span class='ocrx_word' id='word_1_244' title='bbox 464 3247 521 3305; x_wconf 84' lang='lat' dir='ltr'><strong>Vis.</strong></span> <span class='ocrx_word' id='word_1_245' title='bbox 545 3247 656 3320; x_wconf 85' lang='lat' dir='ltr'><strong>VII,2,</strong></span> <span class='ocrx_word' id='word_1_246' title='bbox 677 3248 714 3304; x_wconf 86' lang='lat'><strong>15</strong></span> <span class='ocrx_word' id='word_1_247' title='bbox 738 3248 882 3324; x_wconf 81' lang='lat' dir='ltr'><strong>supplevi:</strong></span> <span class='ocrx_word' id='word_1_248' title='bbox 906 3249 973 3316; x_wconf 76' lang='lat' dir='ltr'><strong>Fur,</strong></span> <span class='ocrx_word' id='word_1_249' title='bbox 999 3250 1047 3320; x_wconf 90' lang='lat' dir='ltr'><strong>qui</strong></span> <span class='ocrx_word' id='word_1_250' title='bbox 1070 3279 1113 3287; x_wconf 89' lang='lat'><strong>—</strong></span> <span class='ocrx_word' id='word_1_251' title='bbox 1137 3251 1307 3320; x_wconf 87' lang='lat' dir='ltr'><strong>requiratur.</strong></span> <span class='ocrx_word' id='word_1_252' title='bbox 1785 3329 1786 3332; x_wconf 8' lang='grc' dir='ltr'><strong>Ἴ</strong></span> 
     </span>
     <span class='ocr_line' id='line_1_25' title="bbox 244 3353 1786 3429; baseline -0.001 -19"><span class='ocrx_word' id='word_1_253' title='bbox 244 3353 278 3410; x_wconf 81' lang='lat' dir='ltr'><strong>L.</strong></span> <span class='ocrx_word' id='word_1_254' title='bbox 301 3353 358 3410; x_wconf 87' lang='lat' dir='ltr'><strong>Vis.</strong></span> <span class='ocrx_word' id='word_1_255' title='bbox 384 3353 449 3425; x_wconf 88' lang='lat' dir='ltr'><strong>VII,</strong></span> <span class='ocrx_word' id='word_1_256' title='bbox 472 3353 500 3424; x_wconf 86' lang='lat'><strong>2,</strong></span> <span class='ocrx_word' id='word_1_257' title='bbox 526 3355 582 3411; x_wconf 90' lang='lat'><strong>16:</strong></span> <span class='ocrx_word' id='word_1_258' title='bbox 613 3357 673 3411; x_wconf 82' lang='lat' dir='ltr'><strong>Fur</strong></span> <span class='ocrx_word' id='word_1_259' title='bbox 701 3363 856 3412; x_wconf 88' lang='lat' dir='ltr'><strong>nocturnus</strong></span> <span class='ocrx_word' id='word_1_260' title='bbox 886 3365 988 3429; x_wconf 87' lang='lat' dir='ltr'><strong>captus</strong></span> <span class='ocrx_word' id='word_1_261' title='bbox 1018 3358 1047 3411; x_wconf 91' lang='lat' dir='ltr'><strong>in</strong></span> <span class='ocrx_word' id='word_1_262' title='bbox 1076 3357 1194 3426; x_wconf 85' lang='lat' dir='ltr'><strong>furtum,</strong></span> <span class='ocrx_word' id='word_1_263' title='bbox 1226 3359 1293 3412; x_wconf 88' lang='lat' dir='ltr'><strong>dum</strong></span> <span class='ocrx_word' id='word_1_264' title='bbox 1322 3376 1368 3411; x_wconf 89' lang='lat' dir='ltr'><strong>res</strong></span> <span class='ocrx_word' id='word_1_265' title='bbox 1398 3358 1516 3411; x_wconf 83' lang='lat' dir='ltr'><strong>furtivas</strong></span> <span class='ocrx_word' id='word_1_266' title='bbox 1546 3374 1641 3410; x_wconf 87' lang='lat' dir='ltr'><strong>secum</strong></span> <span class='ocrx_word' id='word_1_267' title='bbox 1670 3363 1786 3426; x_wconf 76' lang='lat' dir='ltr'><strong>portare</strong></span> 
     </span>
     <span class='ocr_line' id='line_1_26' title="bbox 88 3461 1131 3536; baseline 0.004 -20"><span class='ocrx_word' id='word_1_268' title='bbox 88 3476 116 3515; x_wconf 78' lang='lat'><strong>25</strong></span> <span class='ocrx_word' id='word_1_269' title='bbox 135 3469 263 3530; x_wconf 73' lang='lat' dir='ltr'><strong>eminam,</strong></span> <span class='ocrx_word' id='word_1_270' title='bbox 287 3463 309 3516; x_wconf 87' lang='lat' dir='ltr'><strong>si</strong></span> <span class='ocrx_word' id='word_1_271' title='bbox 334 3461 420 3517; x_wconf 74' lang='lat' dir='ltr'><strong>farerit</strong></span> <span class='ocrx_word' id='word_1_272' title='bbox 444 3463 562 3536; x_wconf 88' lang='lat' dir='ltr'><strong>occisus,</strong></span> <span class='ocrx_word' id='word_1_273' title='bbox 586 3483 662 3520; x_wconf 80' lang='lat' dir='ltr'><strong>nrors</strong></span> <span class='ocrx_word' id='word_1_274' title='bbox 685 3463 743 3520; x_wconf 87' lang='lat' dir='ltr'><strong>eins</strong></span> <span class='ocrx_word' id='word_1_275' title='bbox 765 3465 841 3520; x_wconf 71' lang='lat' dir='ltr'><strong>nertio</strong></span> <span class='ocrx_word' id='word_1_276' title='bbox 864 3465 945 3521; x_wconf 88' lang='lat' dir='ltr'><strong>modo</strong></span> <span class='ocrx_word' id='word_1_277' title='bbox 967 3463 1131 3520; x_wconf 71' lang='lat' dir='ltr'><strong>vindicetur.</strong></span> 
     </span>
    </p>
   </div>
   <div class='ocr_carea' id='block_1_10' title="bbox 88 3637 1787 4573">
    <p class='ocr_par' dir='ltr' id='par_1_13' title="bbox 135 3637 1787 4036">
     <span class='ocr_line' id='line_1_27' title="bbox 242 3637 1787 3714; baseline -0.001 -19"><span class='ocrx_word' id='word_1_278' title='bbox 242 3637 272 3695; x_wconf 86' lang='lat'><strong>5.</strong></span> <span class='ocrx_word' id='word_1_279' title='bbox 313 3639 347 3696; x_wconf 88' lang='lat' dir='ltr'><strong>L.</strong></span> <span class='ocrx_word' id='word_1_280' title='bbox 370 3640 427 3697; x_wconf 85' lang='lat' dir='ltr'><strong>Vis.</strong></span> <span class='ocrx_word' id='word_1_281' title='bbox 451 3640 515 3711; x_wconf 87' lang='lat' dir='ltr'><strong>VII,</strong></span> <span class='ocrx_word' id='word_1_282' title='bbox 534 3641 562 3712; x_wconf 85' lang='lat'><strong>2,</strong></span> <span class='ocrx_word' id='word_1_283' title='bbox 581 3641 616 3697; x_wconf 91' lang='lat'><strong>6:</strong></span> <span class='ocrx_word' id='word_1_284' title='bbox 642 3641 672 3698; x_wconf 92' lang='lat' dir='ltr'><strong>Si</strong></span> <span class='ocrx_word' id='word_1_285' title='bbox 695 3643 757 3713; x_wconf 86' lang='lat' dir='ltr'><strong>quis</strong></span> <span class='ocrx_word' id='word_1_286' title='bbox 780 3661 892 3699; x_wconf 88' lang='lat' dir='ltr'><strong>servum</strong></span> <span class='ocrx_word' id='word_1_287' title='bbox 915 3643 1038 3699; x_wconf 85' lang='lat' dir='ltr'><strong>alienum</strong></span> <span class='ocrx_word' id='word_1_288' title='bbox 1062 3645 1097 3698; x_wconf 85' lang='lat' dir='ltr'><strong>ad</strong></span> <span class='ocrx_word' id='word_1_289' title='bbox 1120 3643 1226 3697; x_wconf 84' lang='lat' dir='ltr'><strong>furtum</strong></span> <span class='ocrx_word' id='word_1_290' title='bbox 1243 3642 1415 3713; x_wconf 84' lang='lat' dir='ltr'><strong>faciendum</strong></span> <span class='ocrx_word' id='word_1_291' title='bbox 1435 3649 1483 3698; x_wconf 86' lang='lat' dir='ltr'><strong>aut</strong></span> <span class='ocrx_word' id='word_1_292' title='bbox 1504 3640 1578 3698; x_wconf 84' lang='lat' dir='ltr'><strong>alias</strong></span> <span class='ocrx_word' id='word_1_293' title='bbox 1600 3657 1787 3714; x_wconf 75' lang='lat' dir='ltr'><strong>quassataque</strong></span> 
     </span>
     <span class='ocr_line' id='line_1_28' title="bbox 135 3744 1784 3824; baseline -0.001 -23"><span class='ocrx_word' id='word_1_294' title='bbox 135 3764 181 3802; x_wconf 85' lang='lat' dir='ltr'><strong>res</strong></span> <span class='ocrx_word' id='word_1_295' title='bbox 202 3746 324 3804; x_wconf 84' lang='lat' dir='ltr'><strong>inlicitas</strong></span> <span class='ocrx_word' id='word_1_296' title='bbox 347 3747 549 3806; x_wconf 86' lang='lat' dir='ltr'><strong>conmittendas</strong></span> <span class='ocrx_word' id='word_1_297' title='bbox 570 3750 616 3806; x_wconf 82' lang='lat' dir='ltr'><strong>oei</strong></span> <span class='ocrx_word' id='word_1_298' title='bbox 636 3749 717 3806; x_wconf 85' lang='lat' dir='ltr'><strong>etiam</strong></span> <span class='ocrx_word' id='word_1_299' title='bbox 742 3750 879 3806; x_wconf 77' lang='lat' dir='ltr'><strong>adversm</strong></span> <span class='ocrx_word' id='word_1_300' title='bbox 900 3768 930 3805; x_wconf 89' lang='lat' dir='ltr'><strong>se</strong></span> <span class='ocrx_word' id='word_1_301' title='bbox 952 3749 1042 3824; x_wconf 62' lang='lat' dir='ltr'><strong>ursum</strong></span> <span class='ocrx_word' id='word_1_302' title='bbox 1058 3750 1190 3820; x_wconf 86' lang='lat' dir='ltr'><strong>sortasse</strong></span> <span class='ocrx_word' id='word_1_303' title='bbox 1214 3751 1403 3824; x_wconf 80' lang='lat' dir='ltr'><strong>persuaserit,</strong></span> <span class='ocrx_word' id='word_1_304' title='bbox 1434 3757 1464 3805; x_wconf 90' lang='lat' dir='ltr'><strong>ut</strong></span> <span class='ocrx_word' id='word_1_305' title='bbox 1493 3747 1603 3805; x_wconf 78' lang='lat' dir='ltr'><strong>doneino</strong></span> <span class='ocrx_word' id='word_1_306' title='bbox 1634 3744 1691 3801; x_wconf 88' lang='lat' dir='ltr'><strong>eius</strong></span> <span class='ocrx_word' id='word_1_307' title='bbox 1718 3763 1784 3819; x_wconf 86' lang='lat' dir='ltr'><strong>per·</strong></span> 
     </span>
     <span class='ocr_line' id='line_1_29' title="bbox 135 3853 1784 3931; baseline 0.002 -19"><span class='ocrx_word' id='word_1_308' title='bbox 135 3855 265 3912; x_wconf 65' lang='lat' dir='ltr'><strong>adonem</strong></span> <span class='ocrx_word' id='word_1_309' title='bbox 288 3853 424 3924; x_wconf 69' lang='lat' dir='ltr'><strong>exhibeat,</strong></span> <span class='ocrx_word' id='word_1_310' title='bbox 449 3857 526 3931; x_wconf 84' lang='lat' dir='ltr'><strong>quod</strong></span> <span class='ocrx_word' id='word_1_311' title='bbox 539 3855 662 3927; x_wconf 83' lang='lat' dir='ltr'><strong>facilius</strong></span> <span class='ocrx_word' id='word_1_312' title='bbox 677 3875 738 3912; x_wconf 74' lang='lat' dir='ltr'><strong>aens</strong></span> <span class='ocrx_word' id='word_1_313' title='bbox 755 3876 814 3931; x_wconf 87' lang='lat' dir='ltr'><strong>per</strong></span> <span class='ocrx_word' id='word_1_314' title='bbox 835 3857 939 3913; x_wconf 85' lang='lat' dir='ltr'><strong>matam</strong></span> <span class='ocrx_word' id='word_1_315' title='bbox 956 3864 982 3912; x_wconf 89' lang='lat' dir='ltr'><strong>et</strong></span> <span class='ocrx_word' id='word_1_316' title='bbox 1004 3856 1127 3931; x_wconf 82' lang='lat' dir='ltr'><strong>iniquam</strong></span> <span class='ocrx_word' id='word_1_317' title='bbox 1146 3856 1362 3931; x_wconf 73' lang='lat' dir='ltr'><strong>persuasionem</strong></span> <span class='ocrx_word' id='word_1_318' title='bbox 1380 3858 1423 3913; x_wconf 90' lang='lat' dir='ltr'><strong>ad</strong></span> <span class='ocrx_word' id='word_1_319' title='bbox 1440 3876 1520 3914; x_wconf 75' lang='lat' dir='ltr'><strong>stram</strong></span> <span class='ocrx_word' id='word_1_320' title='bbox 1535 3858 1676 3916; x_wconf 71' lang='lat' dir='ltr'><strong>seruitium</strong></span> <span class='ocrx_word' id='word_1_321' title='bbox 1693 3860 1784 3931; x_wconf 81' lang='lat' dir='ltr'><strong>sran-</strong></span> 
     </span>
     <span class='ocr_line' id='line_1_30' title="bbox 136 3961 1784 4036; baseline 0.001 -18"><span class='ocrx_word' id='word_1_322' title='bbox 136 3963 262 4018; x_wconf 83' lang='lat' dir='ltr'><strong>dulenter</strong></span> <span class='ocrx_word' id='word_1_323' title='bbox 284 3961 409 4031; x_wconf 87' lang='lat' dir='ltr'><strong>addicat,</strong></span> <span class='ocrx_word' id='word_1_324' title='bbox 441 3970 471 4018; x_wconf 91' lang='lat' dir='ltr'><strong>et</strong></span> <span class='ocrx_word' id='word_1_325' title='bbox 493 3963 570 4019; x_wconf 83' lang='lat' dir='ltr'><strong>fraus</strong></span> <span class='ocrx_word' id='word_1_326' title='bbox 593 3965 655 4036; x_wconf 87' lang='lat' dir='ltr'><strong>ipsa</strong></span> <span class='ocrx_word' id='word_1_327' title='bbox 677 3964 777 4018; x_wconf 86' lang='lat' dir='ltr'><strong>iudicis</strong></span> <span class='ocrx_word' id='word_1_328' title='bbox 799 3963 887 4019; x_wconf 81' lang='lat' dir='ltr'><strong>fircrit</strong></span> <span class='ocrx_word' id='word_1_329' title='bbox 914 3965 1131 4035; x_wconf 86' lang='lat' dir='ltr'><strong>investigatione</strong></span> <span class='ocrx_word' id='word_1_330' title='bbox 1163 3965 1296 4018; x_wconf 87' lang='lat' dir='ltr'><strong>detecta:</strong></span> <span class='ocrx_word' id='word_1_331' title='bbox 1328 3965 1455 4019; x_wconf 89' lang='lat' dir='ltr'><strong>dominus</strong></span> <span class='ocrx_word' id='word_1_332' title='bbox 1484 3965 1560 4022; x_wconf 81' lang='lat' dir='ltr'><strong>serui</strong></span> <span class='ocrx_word' id='word_1_333' title='bbox 1588 3984 1642 4022; x_wconf 90' lang='lat' dir='ltr'><strong>nec</strong></span> <span class='ocrx_word' id='word_1_334' title='bbox 1673 3985 1784 4022; x_wconf 88' lang='lat' dir='ltr'><strong>servum</strong></span> 
     </span>
    </p>

    <p class='ocr_par' dir='ltr' id='par_1_14' title="bbox 88 4070 1786 4573">
     <span class='ocr_line' id='line_1_31' title="bbox 88 4070 1784 4146; baseline 0.004 -24"><span class='ocrx_word' id='word_1_335' title='bbox 88 4083 116 4122; x_wconf 86' lang='lat' dir='ltr'><strong>so</strong></span> <span class='ocrx_word' id='word_1_336' title='bbox 134 4071 238 4142; x_wconf 86' lang='lat' dir='ltr'><strong>perdat</strong></span> <span class='ocrx_word' id='word_1_337' title='bbox 260 4087 314 4124; x_wconf 91' lang='lat' dir='ltr'><strong>nec</strong></span> <span class='ocrx_word' id='word_1_338' title='bbox 338 4071 423 4126; x_wconf 79' lang='lat' dir='ltr'><strong>reliam</strong></span> <span class='ocrx_word' id='word_1_339' title='bbox 453 4070 623 4127; x_wconf 85' lang='lat' dir='ltr'><strong>calumniam</strong></span> <span class='ocrx_word' id='word_1_340' title='bbox 647 4070 846 4146; x_wconf 85' lang='lat' dir='ltr'><strong>pertimescat;</strong></span> <span class='ocrx_word' id='word_1_341' title='bbox 877 4072 928 4126; x_wconf 88' lang='lat' dir='ltr'><strong>sed</strong></span> <span class='ocrx_word' id='word_1_342' title='bbox 952 4070 1019 4146; x_wconf 67' lang='lat' dir='ltr'><strong>ipssa</strong></span> <span class='ocrx_word' id='word_1_343' title='bbox 1051 4071 1130 4126; x_wconf 87' lang='lat' dir='ltr'><strong>cuius</strong></span> <span class='ocrx_word' id='word_1_344' title='bbox 1160 4072 1291 4126; x_wconf 88' lang='lat' dir='ltr'><strong>conludio</strong></span> <span class='ocrx_word' id='word_1_345' title='bbox 1315 4071 1362 4126; x_wconf 92' lang='lat' dir='ltr'><strong>vel</strong></span> <span class='ocrx_word' id='word_1_346' title='bbox 1392 4073 1520 4127; x_wconf 87' lang='lat' dir='ltr'><strong>suasione</strong></span> <span class='ocrx_word' id='word_1_347' title='bbox 1551 4091 1649 4129; x_wconf 75' lang='lat' dir='ltr'><strong>sere-us</strong></span> <span class='ocrx_word' id='word_1_348' title='bbox 1679 4075 1784 4130; x_wconf 89' lang='lat' dir='ltr'><strong>crimen</strong></span> 
     </span>
     <span class='ocr_line' id='line_1_32' title="bbox 135 4176 1786 4254; baseline 0.002 -22"><span class='ocrx_word' id='word_1_349' title='bbox 135 4177 297 4246; x_wconf 83' lang='lat' dir='ltr'><strong>admiserat,</strong></span> <span class='ocrx_word' id='word_1_350' title='bbox 323 4185 354 4233; x_wconf 89' lang='lat' dir='ltr'><strong>ut</strong></span> <span class='ocrx_word' id='word_1_351' title='bbox 376 4196 434 4234; x_wconf 78' lang='lat' dir='ltr'><strong>eunt</strong></span> <span class='ocrx_word' id='word_1_352' title='bbox 458 4177 510 4234; x_wconf 83' lang='lat' dir='ltr'><strong>sibi</strong></span> <span class='ocrx_word' id='word_1_353' title='bbox 526 4197 583 4253; x_wconf 89' lang='lat' dir='ltr'><strong>per</strong></span> <span class='ocrx_word' id='word_1_354' title='bbox 606 4177 730 4253; x_wconf 84' lang='lat' dir='ltr'><strong>aliquam</strong></span> <span class='ocrx_word' id='word_1_355' title='bbox 760 4177 933 4234; x_wconf 76' lang='lat' dir='ltr'><strong>occasionem</strong></span> <span class='ocrx_word' id='word_1_356' title='bbox 963 4179 1005 4233; x_wconf 89' lang='lat' dir='ltr'><strong>ad</strong></span> <span class='ocrx_word' id='word_1_357' title='bbox 1031 4176 1172 4234; x_wconf 83' lang='lat' dir='ltr'><strong>seroitium</strong></span> <span class='ocrx_word' id='word_1_358' title='bbox 1197 4177 1333 4252; x_wconf 75' lang='lat' dir='ltr'><strong>puniisset</strong></span> <span class='ocrx_word' id='word_1_359' title='bbox 1362 4179 1503 4248; x_wconf 86' lang='lat' dir='ltr'><strong>addicere,</strong></span> <span class='ocrx_word' id='word_1_360' title='bbox 1535 4179 1594 4254; x_wconf 83' lang='lat' dir='ltr'><strong>ipse</strong></span> <span class='ocrx_word' id='word_1_361' title='bbox 1624 4180 1681 4238; x_wconf 75' lang='lat' dir='ltr'><strong>eires</strong></span> <span class='ocrx_word' id='word_1_362' title='bbox 1710 4181 1786 4237; x_wconf 83' lang='lat' dir='ltr'><strong>servi</strong></span> 
     </span>
     <span class='ocr_line' id='line_1_33' title="bbox 136 4282 1782 4360; baseline 0.001 -20"><span class='ocrx_word' id='word_1_363' title='bbox 136 4282 255 4352; x_wconf 76' lang='lat' dir='ltr'><strong>domim,</strong></span> <span class='ocrx_word' id='word_1_364' title='bbox 280 4292 415 4358; x_wconf 82' lang='lat' dir='ltr'><strong>qnantum</strong></span> <span class='ocrx_word' id='word_1_365' title='bbox 437 4284 483 4340; x_wconf 84' lang='lat' dir='ltr'><strong>itte</strong></span> <span class='ocrx_word' id='word_1_366' title='bbox 506 4283 679 4354; x_wconf 77' lang='lat' dir='ltr'><strong>involaverit,</strong></span> <span class='ocrx_word' id='word_1_367' title='bbox 704 4293 754 4340; x_wconf 88' lang='lat' dir='ltr'><strong>aut</strong></span> <span class='ocrx_word' id='word_1_368' title='bbox 775 4292 909 4359; x_wconf 80' lang='lat' dir='ltr'><strong>quantum</strong></span> <span class='ocrx_word' id='word_1_369' title='bbox 934 4284 1096 4360; x_wconf 58' lang='lat' dir='ltr'><strong>capabilem</strong></span> <span class='ocrx_word' id='word_1_370' title='bbox 1126 4303 1185 4340; x_wconf 87' lang='lat' dir='ltr'><strong>rem</strong></span> <span class='ocrx_word' id='word_1_371' title='bbox 1215 4284 1369 4354; x_wconf 84' lang='lat' dir='ltr'><strong>admiserit,</strong></span> <span class='ocrx_word' id='word_1_372' title='bbox 1400 4286 1530 4360; x_wconf 77' lang='lat' dir='ltr'><strong>sepmpio</strong></span> <span class='ocrx_word' id='word_1_373' title='bbox 1561 4289 1782 4358; x_wconf 87' lang='lat' dir='ltr'><strong>conpositionem</strong></span> 
     </span>
     <span class='ocr_line' id='line_1_34' title="bbox 135 4389 1784 4468; baseline 0.002 -22"><span class='ocrx_word' id='word_1_374' title='bbox 135 4389 244 4465; x_wconf 82' lang='lat' dir='ltr'><strong>inplere</strong></span> <span class='ocrx_word' id='word_1_375' title='bbox 266 4399 393 4463; x_wconf 82' lang='lat' dir='ltr'><strong>cogatur.</strong></span> <span class='ocrx_word' id='word_1_376' title='bbox 439 4390 506 4466; x_wconf 88' lang='lat' dir='ltr'><strong>Ipse</strong></span> <span class='ocrx_word' id='word_1_377' title='bbox 528 4399 619 4447; x_wconf 87' lang='lat' dir='ltr'><strong>autern</strong></span> <span class='ocrx_word' id='word_1_378' title='bbox 642 4410 739 4447; x_wconf 84' lang='lat' dir='ltr'><strong>servus</strong></span> <span class='ocrx_word' id='word_1_379' title='bbox 763 4390 791 4446; x_wconf 89' lang='lat' dir='ltr'><strong>in</strong></span> <span class='ocrx_word' id='word_1_380' title='bbox 815 4400 950 4448; x_wconf 83' lang='lat' dir='ltr'><strong>conuentu</strong></span> <span class='ocrx_word' id='word_1_381' title='bbox 972 4392 1085 4462; x_wconf 87' lang='lat' dir='ltr'><strong>publice</strong></span> <span class='ocrx_word' id='word_1_382' title='bbox 1103 4391 1125 4446; x_wconf 81' lang='lat' dir='ltr'>C</span> <span class='ocrx_word' id='word_1_383' title='bbox 1148 4391 1265 4464; x_wconf 87' lang='lat' dir='ltr'><strong>flagella</strong></span> <span class='ocrx_word' id='word_1_384' title='bbox 1280 4394 1482 4467; x_wconf 85' lang='lat' dir='ltr'><strong>suscipiatpro</strong></span> <span class='ocrx_word' id='word_1_385' title='bbox 1498 4412 1538 4462; x_wconf 90' lang='lat' dir='ltr'><strong>eo,</strong></span> <span class='ocrx_word' id='word_1_386' title='bbox 1555 4393 1784 4468; x_wconf 65' lang='lat' dir='ltr'><strong>quadraminum</strong></span> 
     </span>
     <span class='ocr_line' id='line_1_35' title="bbox 135 4497 1457 4573; baseline 0.002 -21"><span class='ocrx_word' id='word_1_387' title='bbox 135 4517 214 4553; x_wconf 71' lang='lat' dir='ltr'><strong>sacrm</strong></span> <span class='ocrx_word' id='word_1_388' title='bbox 237 4497 386 4572; x_wconf 80' lang='lat' dir='ltr'><strong>dispicims</strong></span> <span class='ocrx_word' id='word_1_389' title='bbox 408 4497 557 4555; x_wconf 83' lang='lat' dir='ltr'><strong>insidianti</strong></span> <span class='ocrx_word' id='word_1_390' title='bbox 578 4507 775 4568; x_wconf 86' lang='lat' dir='ltr'><strong>consenserat,·</strong></span> <span class='ocrx_word' id='word_1_391' title='bbox 799 4497 886 4554; x_wconf 85' lang='lat' dir='ltr'><strong>etsie</strong></span> <span class='ocrx_word' id='word_1_392' title='bbox 903 4499 1079 4573; x_wconf 87' lang='lat' dir='ltr'><strong>postmodnm</strong></span> <span class='ocrx_word' id='word_1_393' title='bbox 1104 4497 1215 4555; x_wconf 88' lang='lat' dir='ltr'><strong>domino</strong></span> <span class='ocrx_word' id='word_1_394' title='bbox 1237 4518 1287 4554; x_wconf 89' lang='lat' dir='ltr'><strong>suo</strong></span> <span class='ocrx_word' id='word_1_395' title='bbox 1309 4499 1457 4555; x_wconf 86' lang='lat' dir='ltr'><strong>reddatur.</strong></span> 
     </span>
    </p>
   </div>
   <div class='ocr_carea' id='block_1_11' title="bbox 89 4703 1785 5038">
    <p class='ocr_par' dir='ltr' id='par_1_15' title="bbox 89 4703 1785 4952">
     <span class='ocr_line' id='line_1_36' title="bbox 89 4703 1784 4771; baseline 0.002 -15"><span class='ocrx_word' id='word_1_396' title='bbox 89 4723 116 4763; x_wconf 69' lang='lat' dir='ltr'><strong>aa</strong></span> <span class='ocrx_word' id='word_1_397' title='bbox 242 4708 266 4756; x_wconf 87' lang='grc'><strong>3.</strong></span> <span class='ocrx_word' id='word_1_398' title='bbox 303 4707 320 4756; x_wconf 79' lang='lat' dir='ltr'><strong>t.</strong></span> <span class='ocrx_word' id='word_1_399' title='bbox 335 4709 358 4757; x_wconf 87' lang='lat'><strong>3.</strong></span> <span class='ocrx_word' id='word_1_400' title='bbox 378 4703 545 4770; x_wconf 83' lang='lat' dir='ltr'><strong>iusserimus]</strong></span> <span class='ocrx_word' id='word_1_401' title='bbox 561 4707 616 4757; x_wconf 88' lang='lat' dir='ltr'><strong>dux</strong></span> <span class='ocrx_word' id='word_1_402' title='bbox 629 4709 738 4758; x_wconf 86' lang='lat' dir='ltr'><strong>iusserit</strong></span> <span class='ocrx_word' id='word_1_403' title='bbox 750 4707 781 4758; x_wconf 85' lang='lat' dir='ltr'><strong>L.</strong></span> <span class='ocrx_word' id='word_1_404' title='bbox 793 4707 852 4759; x_wconf 85' lang='lat' dir='ltr'><strong>Boi.</strong></span> <span class='ocrx_word' id='word_1_405' title='bbox 871 4708 880 4768; x_wconf 84' lang='grc'><strong>11</strong></span> <span class='ocrx_word' id='word_1_406' title='bbox 898 4709 914 4758; x_wconf 89' lang='lat' dir='ltr'><strong>l.</strong></span> <span class='ocrx_word' id='word_1_407' title='bbox 926 4711 950 4758; x_wconf 78' lang='lat'><strong>4.</strong></span> <span class='ocrx_word' id='word_1_408' title='bbox 963 4703 1115 4771; x_wconf 88' lang='lat' dir='ltr'><strong>mulierem]</strong></span> <span class='ocrx_word' id='word_1_409' title='bbox 1130 4707 1237 4758; x_wconf 78' lang='lat' dir='ltr'><strong>mulieri</strong></span> <span class='ocrx_word' id='word_1_410' title='bbox 1252 4709 1282 4758; x_wconf 76' lang='lat' dir='ltr'><strong>J..</strong></span> <span class='ocrx_word' id='word_1_411' title='bbox 1293 4709 1353 4759; x_wconf 87' lang='lat' dir='ltr'><strong>Bai.</strong></span> <span class='ocrx_word' id='word_1_412' title='bbox 1389 4704 1525 4771; x_wconf 85' lang='lat' dir='ltr'><strong>abortare]</strong></span> <span class='ocrx_word' id='word_1_413' title='bbox 1542 4727 1669 4761; x_wconf 85' lang='lat' dir='ltr'><strong>avorsum</strong></span> <span class='ocrx_word' id='word_1_414' title='bbox 1683 4710 1713 4760; x_wconf 88' lang='lat' dir='ltr'><strong>L.</strong></span> <span class='ocrx_word' id='word_1_415' title='bbox 1725 4711 1784 4760; x_wconf 86' lang='lat' dir='ltr'><strong>Bai.</strong></span> 
     </span>
     <span class='ocr_line' id='line_1_37' title="bbox 241 4791 1785 4864; baseline 0.004 -20"><span class='ocrx_word' id='word_1_416' title='bbox 241 4797 266 4846; x_wconf 80' lang='lat'><strong>4.</strong></span> <span class='ocrx_word' id='word_1_417' title='bbox 304 4796 321 4846; x_wconf 88' lang='grc'><strong>1.</strong></span> <span class='ocrx_word' id='word_1_418' title='bbox 341 4799 365 4846; x_wconf 87' lang='grc'><strong>8.</strong></span> <span class='ocrx_word' id='word_1_419' title='bbox 392 4791 552 4859; x_wconf 89' lang='lat' dir='ltr'><strong>nocturnus]</strong></span> <span class='ocrx_word' id='word_1_420' title='bbox 577 4803 710 4848; x_wconf 89' lang='lat' dir='ltr'><strong>nocturno</strong></span> <span class='ocrx_word' id='word_1_421' title='bbox 736 4803 858 4863; x_wconf 85' lang='lat' dir='ltr'><strong>ternpore</strong></span> <span class='ocrx_word' id='word_1_422' title='bbox 882 4797 914 4848; x_wconf 80' lang='lat' dir='ltr'><strong>J..</strong></span> <span class='ocrx_word' id='word_1_423' title='bbox 934 4797 1008 4859; x_wconf 53' lang='lat' dir='ltr'><strong>Bois</strong></span> <span class='ocrx_word' id='word_1_424' title='bbox 1033 4806 1114 4848; x_wconf 74' lang='lat' dir='ltr'><strong>mmm</strong></span> <span class='ocrx_word' id='word_1_425' title='bbox 1140 4799 1195 4848; x_wconf 79' lang='lat' dir='ltr'><strong>Fur</strong></span> <span class='ocrx_word' id='word_1_426' title='bbox 1220 4805 1370 4849; x_wconf 88' lang='lat' dir='ltr'><strong>nocturnus</strong></span> <span class='ocrx_word' id='word_1_427' title='bbox 1392 4799 1498 4859; x_wconf 83' lang='lat' dir='ltr'><strong>restitui,</strong></span> <span class='ocrx_word' id='word_1_428' title='bbox 1524 4800 1584 4864; x_wconf 82' lang='lat' dir='ltr'><strong>quia</strong></span> <span class='ocrx_word' id='word_1_429' title='bbox 1608 4799 1637 4849; x_wconf 87' lang='lat' dir='ltr'><strong>in</strong></span> <span class='ocrx_word' id='word_1_430' title='bbox 1660 4800 1707 4850; x_wconf 75' lang='lat' dir='ltr'><strong>Irae</strong></span> <span class='ocrx_word' id='word_1_431' title='bbox 1731 4817 1785 4850; x_wconf 81' lang='lat' dir='ltr'><strong>voce</strong></span> 
     </span>
     <span class='ocr_line' id='line_1_38' title="bbox 137 4883 1784 4952; baseline 0.002 -18"><span class='ocrx_word' id='word_1_432' title='bbox 137 4883 191 4934; x_wconf 70' lang='lat' dir='ltr'><strong>Len</strong></span> <span class='ocrx_word' id='word_1_433' title='bbox 206 4883 255 4934; x_wconf 74' lang='lat' dir='ltr'><strong>Va.</strong></span> <span class='ocrx_word' id='word_1_434' title='bbox 274 4902 329 4934; x_wconf 86' lang='lat' dir='ltr'><strong>eum</strong></span> <span class='ocrx_word' id='word_1_435' title='bbox 344 4883 421 4935; x_wconf 82' lang='lat' dir='ltr'><strong>Pauli</strong></span> <span class='ocrx_word' id='word_1_436' title='bbox 438 4893 463 4935; x_wconf 86' lang='lat' dir='ltr'><strong>et</strong></span> <span class='ocrx_word' id='word_1_437' title='bbox 480 4886 587 4950; x_wconf 79' lang='lat' dir='ltr'><strong>Ulpiani</strong></span> <span class='ocrx_word' id='word_1_438' title='bbox 605 4886 664 4936; x_wconf 85' lang='lat' dir='ltr'><strong>loeis</strong></span> <span class='ocrx_word' id='word_1_439' title='bbox 681 4886 710 4936; x_wconf 86' lang='lat' dir='ltr'><strong>in</strong></span> <span class='ocrx_word' id='word_1_440' title='bbox 725 4887 885 4937; x_wconf 70' lang='lat' dir='ltr'><strong>Cblladonem</strong></span> <span class='ocrx_word' id='word_1_441' title='bbox 904 4888 983 4952; x_wconf 75' lang='lat' dir='ltr'><strong>Lepum</strong></span> <span class='ocrx_word' id='word_1_442' title='bbox 1002 4887 1075 4937; x_wconf 82' lang='lat' dir='ltr'><strong>Rom.</strong></span> <span class='ocrx_word' id='word_1_443' title='bbox 1093 4895 1116 4936; x_wconf 87' lang='lat' dir='ltr'><strong>et</strong></span> <span class='ocrx_word' id='word_1_444' title='bbox 1135 4887 1207 4937; x_wconf 77' lang='lat' dir='ltr'><strong>Meis.</strong></span> <span class='ocrx_word' id='word_1_445' title='bbox 1222 4888 1246 4948; x_wconf 78' lang='lat'><strong>7,</strong></span> <span class='ocrx_word' id='word_1_446' title='bbox 1266 4889 1290 4948; x_wconf 90' lang='grc'>2,</span> <span class='ocrx_word' id='word_1_447' title='bbox 1313 4891 1324 4937; x_wconf 89' lang='grc'><strong>1</strong></span> <span class='ocrx_word' id='word_1_448' title='bbox 1346 4897 1369 4938; x_wconf 89' lang='lat' dir='ltr'><strong>et</strong></span> <span class='ocrx_word' id='word_1_449' title='bbox 1387 4889 1411 4948; x_wconf 82' lang='grc'><strong>’1,</strong></span> <span class='ocrx_word' id='word_1_450' title='bbox 1433 4891 1456 4948; x_wconf 89' lang='grc'><strong>3,</strong></span> <span class='ocrx_word' id='word_1_451' title='bbox 1477 4891 1493 4938; x_wconf 90' lang='grc'>2</span> <span class='ocrx_word' id='word_1_452' title='bbox 1511 4889 1611 4938; x_wconf 83' lang='lat' dir='ltr'><strong>insertis</strong></span> <span class='ocrx_word' id='word_1_453' title='bbox 1628 4889 1784 4939; x_wconf 74' lang='lat' dir='ltr'><strong>maceniam.</strong></span> 
     </span>
    </p>

    <p class='ocr_par' dir='ltr' id='par_1_16' title="bbox 242 4971 1425 5038">
     <span class='ocr_line' id='line_1_39' title="bbox 242 4971 1425 5038; baseline 0.002 -14"><span class='ocrx_word' id='word_1_454' title='bbox 242 4975 266 5023; x_wconf 82' lang='lat'><strong>5.</strong></span> <span class='ocrx_word' id='word_1_455' title='bbox 303 4975 320 5025; x_wconf 87' lang='grc'><strong>1.</strong></span> <span class='ocrx_word' id='word_1_456' title='bbox 342 4977 383 5024; x_wconf 78' lang='grc'><strong>14.</strong></span> <span class='ocrx_word' id='word_1_457' title='bbox 409 4973 539 5025; x_wconf 83' lang='lat' dir='ltr'><strong>conludio</strong></span> <span class='ocrx_word' id='word_1_458' title='bbox 559 4974 603 5025; x_wconf 87' lang='lat' dir='ltr'><strong>vei</strong></span> <span class='ocrx_word' id='word_1_459' title='bbox 623 4971 761 5038; x_wconf 75' lang='lat' dir='ltr'><strong>suasione]</strong></span> <span class='ocrx_word' id='word_1_460' title='bbox 782 4976 818 5025; x_wconf 85' lang='lat' dir='ltr'><strong>ita</strong></span> <span class='ocrx_word' id='word_1_461' title='bbox 837 4992 866 5026; x_wconf 77' lang='lat' dir='ltr'><strong>ea</strong></span> <span class='ocrx_word' id='word_1_462' title='bbox 884 4975 916 5025; x_wconf 86' lang='lat' dir='ltr'><strong>L.</strong></span> <span class='ocrx_word' id='word_1_463' title='bbox 933 4976 983 5027; x_wconf 74' lang='lat' dir='ltr'><strong>Vra</strong></span> <span class='ocrx_word' id='word_1_464' title='bbox 1001 4977 1099 5026; x_wconf 81' lang='lat' dir='ltr'><strong>restitui</strong></span> <span class='ocrx_word' id='word_1_465' title='bbox 1106 4995 1115 5036; x_wconf 90' lang='lat'><em>;</em></span> <span class='ocrx_word' id='word_1_466' title='bbox 1134 4975 1295 5026; x_wconf 82' lang='lat' dir='ltr'><strong>contusione</strong></span> <span class='ocrx_word' id='word_1_467' title='bbox 1314 4977 1346 5027; x_wconf 87' lang='lat' dir='ltr'><strong>L.</strong></span> <span class='ocrx_word' id='word_1_468' title='bbox 1367 4977 1425 5026; x_wconf 86' lang='lat' dir='ltr'><strong>Bai.</strong></span> 
     </span>
    </p>
   </div>
   <div class='ocr_carea' id='block_1_12' title="bbox 89 5137 1786 5744">
    <p class='ocr_par' dir='ltr' id='par_1_17' title="bbox 245 5137 1784 5217">
     <span class='ocr_line' id='line_1_40' title="bbox 245 5137 1784 5217; baseline 0.001 -23"><span class='ocrx_word' id='word_1_469' title='bbox 245 5137 274 5207; x_wconf 95' lang='lat' dir='ltr'><strong>l)</strong></span> <span class='ocrx_word' id='word_1_470' title='bbox 300 5137 363 5195; x_wconf 86' lang='lat' dir='ltr'><strong>Hoc</strong></span> <span class='ocrx_word' id='word_1_471' title='bbox 386 5147 472 5214; x_wconf 85' lang='lat' dir='ltr'><strong>eaput</strong></span> <span class='ocrx_word' id='word_1_472' title='bbox 492 5138 659 5216; x_wconf 74' lang='lat' dir='ltr'><strong>oripinalem</strong></span> <span class='ocrx_word' id='word_1_473' title='bbox 683 5147 804 5196; x_wconf 79' lang='lat' dir='ltr'><strong>terrorem</strong></span> <span class='ocrx_word' id='word_1_474' title='bbox 829 5139 905 5217; x_wconf 75' lang='lat' dir='ltr'><strong>lepis,</strong></span> <span class='ocrx_word' id='word_1_475' title='bbox 930 5160 1003 5216; x_wconf 80' lang='lat' dir='ltr'><strong>qrrae</strong></span> <span class='ocrx_word' id='word_1_476' title='bbox 1025 5161 1044 5196; x_wconf 91' lang='grc' dir='ltr'><em>α</em></span> <span class='ocrx_word' id='word_1_477' title='bbox 1071 5140 1230 5216; x_wconf 77' lang='lat' dir='ltr'><strong>Leosipildo</strong></span> <span class='ocrx_word' id='word_1_478' title='bbox 1258 5149 1365 5197; x_wconf 89' lang='lat' dir='ltr'><strong>mutata</strong></span> <span class='ocrx_word' id='word_1_479' title='bbox 1392 5141 1419 5198; x_wconf 88' lang='lat' dir='ltr'><strong>in</strong></span> <span class='ocrx_word' id='word_1_480' title='bbox 1449 5142 1483 5197; x_wconf 89' lang='lat' dir='ltr'><strong>L.</strong></span> <span class='ocrx_word' id='word_1_481' title='bbox 1507 5141 1564 5198; x_wconf 85' lang='lat' dir='ltr'><strong>Vis.</strong></span> <span class='ocrx_word' id='word_1_482' title='bbox 1588 5140 1635 5210; x_wconf 86' lang='lat' dir='ltr'><strong>VI,</strong></span> <span class='ocrx_word' id='word_1_483' title='bbox 1660 5141 1688 5210; x_wconf 87' lang='lat'><strong>3,</strong></span> <span class='ocrx_word' id='word_1_484' title='bbox 1713 5141 1740 5196; x_wconf 91' lang='lat'><strong>1.</strong></span> <span class='ocrx_word' id='word_1_485' title='bbox 1766 5140 1784 5195; x_wconf 80' lang='lat'><strong>2</strong></span> 
     </span>
    </p>

    <p class='ocr_par' dir='ltr' id='par_1_18' title="bbox 89 5245 1785 5324">
     <span class='ocr_line' id='line_1_41' title="bbox 89 5245 1785 5324; baseline -0.002 -19"><span class='ocrx_word' id='word_1_486' title='bbox 89 5268 118 5305; x_wconf 76' lang='lat' dir='ltr'><strong>ao</strong></span> <span class='ocrx_word' id='word_1_487' title='bbox 138 5253 237 5316; x_wconf 73' lang='lat' dir='ltr'><strong>astat,</strong></span> <span class='ocrx_word' id='word_1_488' title='bbox 257 5245 399 5321; x_wconf 85' lang='lat' dir='ltr'><strong>praebere</strong></span> <span class='ocrx_word' id='word_1_489' title='bbox 421 5246 540 5304; x_wconf 69' lang='lat' dir='ltr'><strong>videar.</strong></span> <span class='ocrx_word' id='word_1_490' title='bbox 587 5247 707 5304; x_wconf 81' lang='lat' dir='ltr'><strong>Adortus</strong></span> <span class='ocrx_word' id='word_1_491' title='bbox 731 5248 836 5305; x_wconf 76' lang='lat' dir='ltr'><strong>erinsen</strong></span> <span class='ocrx_word' id='word_1_492' title='bbox 858 5249 1008 5306; x_wconf 84' lang='lat' dir='ltr'><strong>seeundum</strong></span> <span class='ocrx_word' id='word_1_493' title='bbox 1032 5256 1135 5304; x_wconf 74' lang='lat' dir='ltr'><strong>tectum</strong></span> <span class='ocrx_word' id='word_1_494' title='bbox 1158 5247 1345 5323; x_wconf 85' lang='lat' dir='ltr'><strong>antiquiorem</strong></span> <span class='ocrx_word' id='word_1_495' title='bbox 1361 5256 1460 5305; x_wconf 85' lang='lat' dir='ltr'><strong>contra</strong></span> <span class='ocrx_word' id='word_1_496' title='bbox 1479 5247 1620 5304; x_wconf 78' lang='lat' dir='ltr'><strong>rrrniierem</strong></span> <span class='ocrx_word' id='word_1_497' title='bbox 1634 5248 1785 5324; x_wconf 72' lang='lat' dir='ltr'><strong>prarridam</strong></span> 
     </span>
    </p>

    <p class='ocr_par' dir='ltr' id='par_1_19' title="bbox 138 5351 1785 5433">
     <span class='ocr_line' id='line_1_42' title="bbox 138 5351 1785 5433; baseline 0.001 -25"><span class='ocrx_word' id='word_1_498' title='bbox 138 5360 164 5408; x_wconf 84' lang='lat' dir='ltr'><strong>et</strong></span> <span class='ocrx_word' id='word_1_499' title='bbox 184 5351 244 5409; x_wconf 85' lang='lat' dir='ltr'><strong>sine</strong></span> <span class='ocrx_word' id='word_1_500' title='bbox 266 5353 324 5409; x_wconf 88' lang='lat' dir='ltr'><strong>eius</strong></span> <span class='ocrx_word' id='word_1_501' title='bbox 347 5355 496 5424; x_wconf 84' lang='lat' dir='ltr'><strong>uoluntate,</strong></span> <span class='ocrx_word' id='word_1_502' title='bbox 520 5356 671 5411; x_wconf 85' lang='lat' dir='ltr'><strong>seeundum</strong></span> <span class='ocrx_word' id='word_1_503' title='bbox 689 5354 847 5430; x_wconf 74' lang='lat' dir='ltr'><strong>Leoviqiidi</strong></span> <span class='ocrx_word' id='word_1_504' title='bbox 862 5356 993 5426; x_wconf 78' lang='lat' dir='ltr'><strong>somnam</strong></span> <span class='ocrx_word' id='word_1_505' title='bbox 1018 5355 1100 5410; x_wconf 85' lang='lat' dir='ltr'><strong>etiam</strong></span> <span class='ocrx_word' id='word_1_506' title='bbox 1124 5355 1311 5411; x_wconf 71' lang='lat' dir='ltr'><strong>eorosentiente</strong></span> <span class='ocrx_word' id='word_1_507' title='bbox 1334 5357 1376 5412; x_wconf 81' lang='lat' dir='ltr'><strong>oet</strong></span> <span class='ocrx_word' id='word_1_508' title='bbox 1393 5363 1506 5430; x_wconf 80' lang='lat' dir='ltr'><strong>petente</strong></span> <span class='ocrx_word' id='word_1_509' title='bbox 1528 5355 1592 5430; x_wconf 76' lang='grc' dir='ltr'><strong>ἱρεα</strong></span> <span class='ocrx_word' id='word_1_510' title='bbox 1607 5355 1722 5410; x_wconf 82' lang='lat' dir='ltr'><strong>rrmtiere</strong></span> <span class='ocrx_word' id='word_1_511' title='bbox 1738 5355 1785 5433; x_wconf 82' lang='lat' dir='ltr'><strong>fit.</strong></span> 
     </span>
    </p>

    <p class='ocr_par' dir='ltr' id='par_1_20' title="bbox 138 5457 1785 5539">
     <span class='ocr_line' id='line_1_43' title="bbox 138 5457 1785 5539; baseline 0.001 -25"><span class='ocrx_word' id='word_1_512' title='bbox 138 5457 188 5514; x_wconf 86' lang='lat' dir='ltr'><strong>Ea</strong></span> <span class='ocrx_word' id='word_1_513' title='bbox 222 5479 329 5535; x_wconf 85' lang='lat' dir='ltr'><strong>quoque</strong></span> <span class='ocrx_word' id='word_1_514' title='bbox 363 5460 448 5517; x_wconf 84' lang='lat' dir='ltr'><strong>verba</strong></span> <span class='ocrx_word' id='word_1_515' title='bbox 479 5461 564 5536; x_wconf 73' lang='lat' dir='ltr'><strong>Lepis</strong></span> <span class='ocrx_word' id='word_1_516' title='bbox 593 5461 678 5531; x_wconf 80' lang='lat' dir='ltr'><strong>Bai,</strong></span> <span class='ocrx_word' id='word_1_517' title='bbox 714 5481 787 5536; x_wconf 71' lang='lat' dir='ltr'><strong>attae</strong></span> <span class='ocrx_word' id='word_1_518' title='bbox 815 5481 833 5518; x_wconf 88' lang='lat' dir='ltr'><strong>a</strong></span> <span class='ocrx_word' id='word_1_519' title='bbox 865 5462 941 5539; x_wconf 74' lang='lat' dir='ltr'><strong>Lepe</strong></span> <span class='ocrx_word' id='word_1_520' title='bbox 962 5462 1017 5518; x_wconf 86' lang='lat' dir='ltr'><strong>Vis.</strong></span> <span class='ocrx_word' id='word_1_521' title='bbox 1050 5461 1228 5536; x_wconf 83' lang='lat' dir='ltr'><strong>discrepant,</strong></span> <span class='ocrx_word' id='word_1_522' title='bbox 1265 5482 1301 5518; x_wconf 75' lang='lat' dir='ltr'><strong>ea</strong></span> <span class='ocrx_word' id='word_1_523' title='bbox 1330 5461 1445 5536; x_wconf 82' lang='lat' dir='ltr'><strong>antiquo</strong></span> <span class='ocrx_word' id='word_1_524' title='bbox 1480 5462 1572 5518; x_wconf 87' lang='lat' dir='ltr'><strong>codice</strong></span> <span class='ocrx_word' id='word_1_525' title='bbox 1602 5464 1690 5538; x_wconf 71' lang='lat' dir='ltr'><strong>lepram</strong></span> <span class='ocrx_word' id='word_1_526' title='bbox 1716 5460 1785 5516; x_wconf 86' lang='lat' dir='ltr'><strong>Visi-</strong></span> 
     </span>
    </p>

    <p class='ocr_par' dir='ltr' id='par_1_21' title="bbox 135 5565 1786 5744">
     <span class='ocr_line' id='line_1_44' title="bbox 135 5565 1786 5642; baseline 0 -20"><span class='ocrx_word' id='word_1_527' title='bbox 135 5565 311 5640; x_wconf 79' lang='lat' dir='ltr'><strong>potltiearum</strong></span> <span class='ocrx_word' id='word_1_528' title='bbox 333 5575 447 5642; x_wconf 84' lang='lat' dir='ltr'><strong>recepta</strong></span> <span class='ocrx_word' id='word_1_529' title='bbox 471 5586 528 5625; x_wconf 87' lang='lat' dir='ltr'><strong>esse</strong></span> <span class='ocrx_word' id='word_1_530' title='bbox 550 5568 697 5637; x_wconf 65' lang='lat' dir='ltr'><strong>videntum</strong></span> <span class='ocrx_word' id='word_1_531' title='bbox 727 5569 767 5640; x_wconf 85' lang='lat' dir='ltr'><strong>cs.</strong></span> <span class='ocrx_word' id='word_1_532' title='bbox 800 5575 895 5624; x_wconf 87' lang='lat' dir='ltr'><strong>careat</strong></span> <span class='ocrx_word' id='word_1_533' title='bbox 926 5570 1088 5624; x_wconf 83' lang='lat' dir='ltr'><strong>libertatern</strong></span> <span class='ocrx_word' id='word_1_534' title='bbox 1119 5569 1152 5624; x_wconf 90' lang='lat' dir='ltr'><strong>L.</strong></span> <span class='ocrx_word' id='word_1_535' title='bbox 1178 5569 1232 5624; x_wconf 85' lang='lat' dir='ltr'><strong>Vis.</strong></span> <span class='ocrx_word' id='word_1_536' title='bbox 1257 5568 1442 5638; x_wconf 80' lang='lat' dir='ltr'><strong>VII,2,13;</strong></span> <span class='ocrx_word' id='word_1_537' title='bbox 1475 5577 1617 5640; x_wconf 86' lang='lat' dir='ltr'><strong>tamquam</strong></span> <span class='ocrx_word' id='word_1_538' title='bbox 1647 5570 1786 5624; x_wconf 89' lang='lat' dir='ltr'><strong>homicida</strong></span> 
     </span>
     <span class='ocr_line' id='line_1_45' title="bbox 138 5673 559 5744; baseline 0.01 -18"><span class='ocrx_word' id='word_1_539' title='bbox 138 5679 272 5728; x_wconf 89' lang='lat' dir='ltr'><strong>teneatur</strong></span> <span class='ocrx_word' id='word_1_540' title='bbox 294 5673 359 5730; x_wconf 84' lang='lat' dir='ltr'><strong>ibid.</strong></span> <span class='ocrx_word' id='word_1_541' title='bbox 384 5673 464 5744; x_wconf 90' lang='lat' dir='ltr'><strong>VIII,</strong></span> <span class='ocrx_word' id='word_1_542' title='bbox 483 5675 511 5744; x_wconf 87' lang='grc'>3,</span> <span class='ocrx_word' id='word_1_543' title='bbox 531 5675 559 5730; x_wconf 91' lang='grc'><strong>3.</strong></span> 
     </span>
    </p>
   </div>
   <div class='ocr_carea' id='block_1_13' title="bbox 0 0 2190 6245">
    <p class='ocr_par' dir='ltr' id='par_1_22' title="bbox 0 0 2190 6245">
     <span class='ocr_line' id='line_1_46' title="bbox 0 0 2190 6245; baseline 0 0"><span class='ocrx_word' id='word_1_544' title='bbox 0 0 2190 6245; x_wconf 95' lang='lat' dir='ltr'><strong> </strong></span> 
     </span>
    </p>
   </div>
  </div>
 </body>
</html>
