4372 6254
586 362 740 419 CODICIS
764 365 968 421 EURICIANI
991 367 1236 425 FRAGMENTA
1262 369 1336 427 327.

213 549 660 628 „aasansonflOOXXVIL
708 554 747 617 ln
770 556 871 640 priori
893 555 966 642 lege
990 557 1097 622 fuerat
1119 561 1338 640 constitutum,

495 669 539 740 ut,
564 660 591 722 si
615 669 725 746 pater.
774 710 780 725 .
828 711 836 725 .
885 661 1019 750 [poltris
1041 664 1125 728 filius
1150 688 1224 730 cum
1247 679 1349 732 matre

496 813 1003 833 ..........
1043 772 1206 858 portione,
1232 795 1272 838 ea
1294 776 1419 838 ratione

496 920 891 939 ........
930 925 947 940 ,.
996 925 1003 939 .
1050 899 1090 942 ue
1115 877 1260 943 defuncti
1284 889 1364 944 tarn-

496 1027 891 1046 ........
938 987 990 1048 ne'a
1013 983 1108 1048 medo
1132 987 1258 1050 meliori
1282 987 1364 1051 ordi·

495 1097 608 1150 nantes
633 1084 888 1176 [praecipo'rnus],
914 1100 948 1152 ut
970 1100 1062 1174 patre
1086 1089 1240 1156 defuncto
1264 1093 1291 1156 si

487 1189 620 1280 flo'lias]
658 1242 887 1258 .....
935 1218 1064 1260 omnem
1087 1196 1275 1261 facultatem
1300 1199 1369 1262 eius

495 1347 502 1361 .
551 1347 558 1361 .
606 1325 721 1364 .rno.
770 1299 907 1366 dibeat
928 1301 1106 1384 vindicare,
1131 1325 1216 1388 quae
1239 1315 1349 1369 tamen
1373 1304 1462 1394 dit]-

495 1407 551 1469 bos
598 1455 605 1468 .
660 1455 890 1471 .....
938 1407 974 1472 Si
997 1431 1075 1473 vero
1099 1414 1160 1496 qui
1179 1411 1315 1474 moritur
1336 1411 1396 1476 fili-

495 1533 541 1593 ae,
566 1523 699 1597 nepotes
723 1523 752 1577 et
774 1524 968 1600 pronepotes
992 1513 1169 1600 reliquerit,
1194 1517 1257 1602 ipsi

495 1640 606 1682 omnes
630 1617 772 1682 habeant
794 1618 976 1701 facultateS,
1002 1620 1052 1684 lea
1076 1620 1260 1686 conditione
1285 1646 1349 1687 ser·
1491 1649 1725 1698 aetarnae.

494 1733 580 1806 vata,
606 1740 757 1810 atnepos
782 1747 824 1788 ex
848 1748 886 1790 co
909 1725 985 1809 filio,
1011 1728 1067 1813 qui
1090 1739 1182 1813 patre
1206 1731 1358 1815 supersti-

494 1841 526 1894 tc
549 1841 694 1896 mortuus
718 1831 816 1896 fuerit
837 1833 990 1919 intepram
1015 1832 1055 1896 de
1079 1838 1137 1898 ovi
1158 1837 1256 1916 bonis,
1281 1858 1377 1922 quone

493 1937 600 2002 fuerat
621 1949 716 2023 pater
739 1943 819 2020 eius,
843 1939 871 2001 si
896 1938 1059 2029 [vinsaell
1084 1939 1262 2024 habiturus,

492 2044 654 2131 percipiat
677 2045 886 2130 portionem¹3
911 2068 986 2108 nam
1010 2057 1144 2132 nepotes
1169 2069 1211 2110 ex
1235 2070 1275 2111 ea
1296 2048 1331 2111 fi-

491 2149 545 2233 lia,
570 2149 641 2239 q[oe
664 2151 747 2239 ontle
770 2161 919 2237 patrum>
943 2168 1069 2218 mortuo
1093 2168 1145 2234 est,
1170 2152 1211 2217 de
1236 2175 1276 2218 ea
1298 2156 1417 2241 portio-

492 2279 543 2338 ne,
569 2279 664 2343 quoon
687 2269 790 2322 rnoter
813 2257 919 2322 fuerat
940 2257 1101 2341 habitura,
1126 2261 1278 2334 tertia(rn)
1302 2283 1374 2347 por-

494 2361 625 2452 [tionem
641 2365 785 2452 perdant
794 2363 815 2452 ¹]
820 2413 1328 2430 ..........

644 2489 755 2554 (Desunt
774 2497 789 2544 6
809 2511 900 2554 onata,
922 2496 1035 2544 18-23.
1054 2495 1130 2544 huius
1145 2490 1276 2560 popinae.)

218 2674 243 2710 ρ.
253 2625 424 2714 142,e.1.[170]i.
514 2650 1101 2720 (Doeemoersa,1-10.ooiospaqime,qoi
1114 2655 1194 2719 finem
1206 2655 1296 2719 eapitis
1310 2654 1492 2706 ceolrrrn.

511 2743 671 2808 maestam,
691 2743 795 2808 suceptio
812 2743 918 2808 nepulit
937 2743 1025 2794 litteris
1043 2743 1199 2808 qsoibusdane,
1219 2744 1266 2810 leqi
1283 2740 1428 2809 nequeunt.)

240 3011 437 3068 CCCXXVII.
486 3013 521 3070 L.
544 3013 601 3070 Vis.
625 3013 679 3083 IV,
699 3011 727 3083 2,
749 3012 804 3068 ls:
831 3031 866 3068 ca
888 3014 1048 3068 conditione
1074 3019 1196 3081 servata,
1227 3021 1259 3067 ut
1282 3020 1397 3084 nepotes
1421 3031 1455 3067 ex
1485 3011 1543 3067 tilio
1566 3014 1610 3069 oel
1631 3012 1708 3090 filio,
1737 3015 1783 3085 qui

132 3127 216 3192 petre
239 3121 283 3176 vel
303 3128 394 3191 matre
416 3129 547 3192 supreste
572 3119 675 3176 mortui
696 3119 813 3188 fuerint,
845 3121 984 3191 integram
1015 3121 1051 3174 de
1082 3118 1163 3175 rebus
1193 3120 1238 3174 avi
1267 3121 1311 3174 oet
1338 3118 1409 3188 arie,
1441 3137 1524 3190 quarn
1554 3119 1670 3174 fucrant
1700 3129 1785 3190 pater

134 3245 231 3283 eorum
254 3234 304 3283 out
325 3235 424 3296 mater,
448 3228 472 3281 si
494 3228 640 3294 visissent,
664 3226 799 3293 habituri,
822 3226 982 3298 percipiant
1005 3227 1174 3297 portionem.

85 3515 113 3554 25
241 3505 425 3558 CCCXXVII.
463 3509 480 3558 l.
500 3509 525 3558 5.
551 3502 666 3570 meliori]
687 3507 724 3557 ito
742 3508 781 3557 ael
792 3506 903 3571 fortusse
922 3507 1018 3558 maiori
1037 3505 1167 3571 legendnm
1185 3505 1292 3556 uidetur.

243 3686 271 3742 lt
298 3686 346 3759 Of.
372 3687 406 3743 L.
431 3687 514 3744 Rom.
537 3687 593 3743 Via.
621 3684 651 3744 O'.
675 3686 725 3742 To.
750 3686 781 3756 V,
802 3686 828 3756 1,
847 3685 883 3740 4:
909 3685 937 3741 Si
962 3687 1114 3743 defunctus
1132 3728 1139 3742 .
1159 3729 1165 3743 .
1185 3729 1191 3743 .
1209 3688 1358 3759 reliquerit
1381 3687 1452 3743 filios
1470 3694 1550 3743 etex
1569 3685 1627 3742 filia
1647 3685 1784 3742 defuncta

136 3834 142 3848 .
168 3837 175 3848 .
202 3836 209 3848 .
232 3803 364 3866 nepotes,
391 3795 451 3850 eius
474 3794 573 3865 partis,
598 3812 680 3864 quarn
705 3793 834 3848 defuncti
857 3792 925 3862 filio,
951 3801 1098 3866 superstes
1122 3796 1207 3866 patri,
1232 3795 1308 3849 inter
1322 3793 1426 3849 fratres
1442 3811 1506 3848 suos
1523 3793 1625 3848 fuisset
1640 3793 1781 3860 habitura,

133 3903 203 3956 duas
226 3909 323 3972 partes
346 3907 557 3972 consequantur
579 3908 699 3970 nepotes
724 3918 758 3955 ex
783 3900 883 3954 eadem
906 3898 965 3955 filia
990 3942 996 3955 .
1023 3942 1029 3957 .
1056 3942 1063 3956 .
1110 3900 1253 3974 Interpon:
1286 3899 1315 3954 Si
1339 3900 1440 3970 aliquis
1467 3900 1601 3955 moriatur
1630 3899 1783 3954 intestatus

134 4015 164 4062 et
187 4007 259 4062 filios
282 4008 328 4062 vel
351 4006 423 4062 filias
447 4007 616 4078 superstites
640 4006 686 4060 vel
709 4012 830 4076 nepotes
855 4025 889 4060 ex
912 4006 971 4062 filia
993 4015 1103 4063 mortua
1126 4008 1318 4078 derelinquat,
1349 4006 1399 4060 filii
1423 4007 1452 4061 in
1479 4025 1530 4061 sue
1558 4006 1688 4076 portione
1719 4024 1782 4060 suc-

86 4135 114 4174 eo
134 4116 251 4182 cedunt,
274 4121 395 4186 nepotes
420 4132 454 4168 ex
477 4113 536 4168 filia
559 4114 594 4167 de
619 4113 748 4184 portione
773 4114 868 4167 matris
892 4131 960 4169 suae
984 4116 1098 4170 tertiam
1121 4115 1246 4185 perdunt
1272 4155 1279 4168 .
1306 4155 1312 4167 .
1339 4133 1364 4180 ,ς
1392 4112 1425 4167 L.
1451 4112 1533 4168 Rom.
1558 4110 1649 4186 Burp.
1677 4111 1780 4181 10,1:

134 4220 217 4284 Quod
240 4222 263 4275 si
286 4221 360 4275 filius
382 4221 492 4276 habens
515 4219 587 4274 filios
610 4220 683 4275 forte
709 4220 875 4288 decesserit,
899 4222 928 4275 in
950 4221 1012 4276 loco
1036 4222 1124 4292 patris
1141 4221 1253 4291 nepotis
1278 4220 1430 4291 nuptisque
1452 4237 1485 4273 cx
1501 4217 1558 4273 filio
1574 4219 1634 4272 nati
1652 4219 1780 4286 eandem,

134 4346 216 4399 quarn
239 4335 322 4400 prater
345 4346 439 4384 corum
464 4334 633 4398 accepturus
658 4332 728 4394 crat,
753 4326 866 4396 capiant
889 4329 1057 4398 portionem.
1103 4326 1132 4381 2.
1158 4326 1187 4381 Si
1211 4344 1278 4382 vero
1301 4324 1360 4380 filia
1383 4326 1585 4396 superstitibus
1615 4326 1782 4396 parentibus

132 4435 245 4502 obierit,
270 4437 382 4490 tertiam
413 4435 449 4488 dc
480 4435 609 4505 portione
640 4434 736 4488 rnatris
766 4432 815 4486 filii
848 4435 908 4488 eius
937 4435 1070 4504 perdant.
1126 4432 1161 4489 F.
1187 4432 1308 4501 Potetto,
1341 4430 1405 4488 ‘Sur'
1427 4430 1601 4502 frammenti
1629 4430 1660 4486 di
1689 4430 1784 4487 diritto

135 4537 306 4598 Germanico
330 4541 404 4596 dello
428 4539 575 4596 collezione
599 4537 823 4596 Gaudentiona’
849 4534 1032 4612 (Extractunr
1057 4559 1093 4596 aa
1116 4537 1260 4595 ‘Arelioio
1286 4537 1441 4614 piuridieo'
1467 4536 1551 4606 LIII,
1576 4537 1659 4607 fasc.
1686 4535 1713 4591 l.
1740 4529 1782 4610 2),

88 4667 115 4707 as
134 4647 283 4705 Bononiae
307 4646 401 4716 1894,
427 4665 461 4722 p.
490 4646 539 4716 lt,
570 4654 644 4702 recte
674 4653 772 4714 censet,
804 4645 890 4702 verbo
919 4646 987 4722 lepis
1011 4645 1189 4704 Euricionae
1218 4644 1258 4700 ita
1287 4643 1446 4720 supplendo
1476 4661 1542 4712 esse,
1573 4650 1605 4698 ut
1633 4661 1693 4698 cum
1723 4641 1784 4697 iure

134 4753 264 4812 erwno
287 4762 455 4830 conpr-nont.
502 4753 592 4810 Aliter
613 4751 645 4810 J.
672 4751 785 4822 Ficlrer,
811 4751 1014 4828 ‘Erbensolpe'
1039 4751 1079 4822 II,
1105 4771 1138 4827 p.
1166 4751 1238 4821 130,
1266 4733 1319 4826 qui
1331 4749 1428 4826 potius
1450 4748 1490 4805 ito
1512 4749 1643 4824 supplere
1664 4749 1730 4818 nult,
1755 4756 1785 4804 ut

134 4860 215 4917 etiam
248 4868 362 4935 nepotes
391 4879 426 4917 en
455 4858 523 4936 filio
553 4859 663 4916 tertiam
688 4866 803 4933 portent
829 4857 985 4933 portionis,
1016 4877 1100 4934 quern
1131 4866 1222 4914 muter
1252 4856 1384 4913 lodimro
1407 4855 1528 4926 suisset,
1563 4873 1621 4912 non
1645 4853 1782 4929 perdunt.

137 4965 240 5022 Ficker
263 4966 334 5023 errirn
357 4966 444 5023 uerbo
468 4964 675 5023 Olindosoindi
696 4965 781 5041 repis,
814 4965 849 5020 L.
873 4964 929 5022 Vis.
954 4963 974 5020 I
977 4965 1008 5034 V,
1028 4965 1056 5033 5,
1075 4965 1110 5019 4:
1140 4966 1182 5022 ita
1210 4973 1242 5020 ut
1272 4965 1351 5018 iuxta
1380 4963 1475 5034 legem
1505 4961 1598 5028 aliam,
1630 4977 1686 5030 qua
1716 4977 1782 5014 con-

134 5074 263 5128 stitutum
288 5081 343 5141 est,
366 5074 502 5128 trientem
524 5079 645 5145 nepotes
668 5090 724 5126 non
748 5073 882 5143 perdere,
912 5071 1020 5126 licitum
1050 5073 1086 5126 sit
1119 5067 1221 5126 etiam‘
1231 5071 1384 5141 nepotibus
1407 5075 1456 5124 aut
1479 5068 1585 5139 neptis,
1616 5067 1665 5137 qui
1687 5074 1783 5136 patres

88 5201 115 5238 so
135 5187 183 5234 aut
205 5189 310 5235 matres
334 5181 489 5246 amiserint,
513 5181 542 5233 in
565 5181 638 5234 omni
662 5178 800 5234 facultate
825 5196 938 5232 avorum
962 5178 1009 5233 vel
1032 5179 1155 5233 avianum
1179 5195 1243 5231 cunr
1273 5177 1381 5250 patruis
1412 5180 1461 5230 aut
1490 5173 1635 5237 avunculis
1666 5172 1783 5243 equales

135 5289 305 5356 succedere,
338 5287 379 5343 ad
406 5287 481 5343 donc
510 5287 596 5362 tepora
625 5293 754 5360 spectare
784 5284 932 5341 eristirnat.
985 5284 1077 5340 Tenor
1106 5291 1197 5339 autern
1222 5280 1387 5358 fropmenti
1414 5279 1482 5355 lepis
1512 5276 1689 5334 Euricionae
1719 5277 1784 5334 talis

135 5403 182 5464 est,
206 5402 237 5450 ut
258 5394 341 5450 aliter
364 5394 398 5449 de
420 5391 564 5467 nepotibus
587 5411 623 5450 ee
645 5391 719 5469 filio,
751 5391 834 5448 aliter
864 5391 899 5446 de
928 5389 1070 5465 nepotibzu
1100 5408 1136 5448 ec
1158 5389 1226 5468 filio
1259 5387 1431 5444 constitutum
1455 5384 1551 5456 fnisse
1580 5390 1710 5458 opertum
1738 5382 1782 5439 sit.

136 5499 202 5565 Quo
225 5501 259 5558 de
283 5520 369 5558 causa
391 5498 478 5556 verbo
504 5496 710 5556 Clindosoindi
731 5499 773 5554 orl
794 5499 878 5573 tepens
901 5517 921 5553 o
946 5495 1107 5572 Leooipildo
1129 5513 1196 5572 repe
1220 5494 1277 5551 iarn
1301 5494 1341 5550 ito
1356 5499 1500 5562 mutatam,
1524 5490 1667 5546 eteoclem
1682 5508 1783 5546 norma

134 5607 169 5664 de
190 5606 314 5682 unisqrre
335 5605 478 5681 nepotibus
500 5604 705 5674 observaretur,
730 5605 809 5660 lond
830 5603 910 5659 dubie
932 5603 1089 5674 reserenda
1117 5609 1190 5658 sunt.
1246 5600 1296 5656 Eoo
1325 5599 1421 5654 eadem
1446 5595 1603 5672 Leovipildi
1623 5594 1785 5651 recensione

89 5733 116 5772 ss
137 5711 364 5771 Odindosoindus
386 5711 469 5768 etiam
492 5711 522 5767 in
546 5711 600 5782 IV,
619 5710 648 5780 2,
669 5709 707 5766 18
732 5709 817 5767 verba
840 5729 930 5784 snpra
954 5709 1092 5764 adnotata
1116 5706 1241 5764 laeswe
1263 5705 1380 5762 videtur.

187 5829 230 5872 LL.
245 5826 304 5870 Soet.
320 5830 338 5870 l.
366 5828 383 5870 1.
1554 5825 1570 5871 4
