4478 6246
429 330 493 394 100
975 336 1055 390 LEX
1078 333 1381 391 VISIGOTHORUM
1403 335 1442 402 11,
1460 333 1490 402 4,
1508 334 1537 390 l.

288 534 328 605 11,
339 532 369 602 t,
381 533 408 588 7.
429 538 524 590 Reae.
538 535 634 588 deest.
696 531 784 600 11151
810 520 947 588 vocibus
970 522 1035 586 iam
1058 531 1200 586 mortuos
1231 519 1460 607 adprobamus.
1513 520 1558 586 Et
1586 520 1671 604 ideo,
1702 523 1730 585 si
1761 522 1833 608 quis
1862 522 2084 586 testimonium

696 653 755 716 pro
780 627 926 716 qualibet
948 651 983 693 re
1007 629 1040 692 in
1064 627 1229 714 presentia
1243 627 1362 692 iudicis
1379 626 1515 710 dederit,
1540 637 1573 692 et
1588 650 1688 692 causa
1703 650 1762 714 per
1779 629 1848 692 eius
1864 629 2085 693 testimonium

696 735 879 822 adprobata
903 736 1055 818 extiterit,
1087 735 1115 798 si
1144 734 1228 799 forte
1258 735 1292 798 in
1322 734 1529 822 postmodum
1558 734 1682 817 favore,
1712 745 1836 800 terrore
1866 735 1920 800 vel
1950 757 2085 800 munere

695 843 841 930 pulsatus
868 842 954 907 illius
984 841 1153 924 causidici,
1184 841 1240 928 qui
1269 842 1375 906 victus
1405 842 1546 927 primum
1575 864 1635 928 per
1664 842 1734 906 eius
1764 843 1985 906 testimonium
2014 841 2084 923 fuit,

696 949 785 1014 dicat
808 972 843 1014 se
866 948 955 1013 idem
978 950 1070 1013 testis
1093 947 1211 1013 falsum
1235 948 1358 1013 dixisse
1382 949 1612 1030 testimonium,
1644 949 1732 1034 quod
1761 949 1910 1034 primitus
1941 948 2116 1035 protulits

697 1069 729 1120 et
752 1056 896 1122 secundo
920 1055 1010 1120 aliud
1033 1055 1218 1137 testificare,
1249 1055 1335 1119 unde
1366 1056 1481 1142 prima,
1510 1077 1573 1141 que
1604 1055 1743 1138 dixerat,
1774 1053 1966 1120 subvertere
1996 1054 2085 1136 velit,

697 1175 801 1227 stante
826 1163 983 1250 superiori
1008 1161 1103 1246 1585ι
1126 1161 1161 1226 id
1184 1161 1312 1226 novella
1334 1162 1509 1226 tenendum
1535 1162 1701 1227 sanctione
1725 1163 1936 1249 precipimus,
1964 1174 2002 1226 ut
2025 1184 2085 1226 nec

604 1260 617 1283 ⁸
696 1270 866 1334 testificari
889 1270 935 1333 illi
959 1268 1102 1334 secundo
1127 1270 1169 1333 sit
1191 1268 1326 1350 licitum,
1350 1291 1412 1334 nec
1437 1291 1536 1332 causa
1558 1268 1641 1354 ipsa,
1672 1268 1713 1334 de
1740 1292 1805 1356 qua
1834 1270 1904 1355 ipse
1935 1269 2085 1355 periurus

697 1377 788 1440 testis
812 1388 887 1441 ante
911 1378 1087 1457 iuraverat,
1112 1375 1246 1440 ulterius
1276 1397 1336 1462 per
1359 1377 1428 1440 eius
1459 1376 1678 1440 testimonium
1709 1375 1913 1456 revolvatur3
1946 1385 2085 1461 excepto

697 1485 725 1547 si
757 1483 828 1547 aliis
864 1482 1051 1548 melioribus
1087 1495 1119 1547 et
1151 1482 1304 1568 legitimis
1337 1481 1474 1546 testibus
1507 1503 1565 1546 seu
1598 1482 1696 1546 etiam
1728 1482 1882 1547 veridicis
1915 1483 2085 1569 scripturis
2105 1509 2129 1546 ιο

697 1590 855 1655 revolutio
895 1590 1041 1655 ordinate
1077 1611 1175 1654 cause
1214 1589 1316 1675 possit
1350 1588 1518 1672 accidere,
1557 1599 1593 1653 ut
1631 1589 1776 1654 secunda
1814 1589 2085 1654 determinatione

664 1694 667 1800 ]
697 1697 810 1762 iudicii
841 1721 901 1784 per
930 1697 1045 1778 aliurn,
1077 1697 1161 1761 sicut
1191 1695 1313 1760 dictum
1348 1706 1414 1778 est,
1449 1706 1564 1761 testem
1600 1695 1652 1760 vel
1686 1697 1889 1760 verissimam
1925 1697 2084 1782 scripture

664 1818 666 1892 ξ
697 1805 913 1877 ostensionem
937 1803 1070 1868 licentia
1093 1805 1134 1867 sit
1156 1803 1324 1888 negotium
1348 1802 1530 1889 reparanda
1555 1825 1653 1868 cause
1677 1815 1836 1868 retexere.
1884 1803 1968 1868 Nam
1995 1815 2027 1868 et
2057 1806 2085 1869 si

698 1913 780 1998 quis,
813 1934 909 1976 cause
939 1933 996 1975 sue
1028 1912 1162 1996 cupiens
1193 1909 1376 1974 accelerare
1406 1911 1619 1996 propositum,
1649 1921 1766 1975 testem
1796 1911 1829 1975 in
1858 1911 1980 1976 iudicio
2012 1933 2083 1998 pro-

697 2018 815 2100 tulerit,
841 2018 868 2081 si
891 2017 956 2098 ille,
981 2029 1094 2082 contra
1118 2039 1214 2103 quern
1239 2039 1371 2081 eausam
1394 2016 1502 2099 habet,
1533 2039 1668 2103 presens
1695 2017 1845 2099 adfuerit,
1877 2030 1910 2082 et
1940 2017 2021 2104 quid
2050 2020 2084 2082 in
2102 2041 2127 2081 a

697 2123 925 2211 reprobatione
950 2123 1049 2189 oblati
1073 2124 1164 2188 testis
1188 2134 1340 2210 opponat,
1364 2125 1491 2188 nescire
1515 2146 1550 2188 se
1574 2123 1704 2206 dixerit,
1733 2146 1785 2188 res
1809 2124 1969 2212 siquidem
2001 2126 2083 2211 ipsa,

696 2231 737 2295 de
762 2254 827 2319 qua
850 2233 966 2317 agitur,
990 2253 1050 2316 per
1073 2228 1254 2295 oblatorum
1278 2231 1408 2294 testium
1431 2232 1650 2295 testimonium
1666 2232 1701 2294 in
1725 2232 1794 2296 iure
1812 2231 1907 2314 illius,
1932 2230 2083 2296 adonius

696 2348 822 2425 partem
846 2337 1111 2418 testificaverunt,
1135 2336 1252 2402 iudicis
1275 2337 1429 2401 instantia
1453 2337 1671 2403 contradatur.
1718 2338 1770 2402 Illi
1794 2349 1902 2402 tamen
1932 2361 2083 2424 persone,

697 2468 760 2532 que
784 2468 819 2510 se
850 2445 883 2508 in
908 2444 1118 2529 derogatione
1149 2443 1266 2529 prolati
1296 2445 1386 2508 testis
1417 2445 1543 2508 nescire
1575 2445 1667 2526 dixit,
1700 2445 1777 2532 quid
1809 2443 1939 2510 obicere
1970 2447 2083 2531 possit,

696 2551 861 2616 licentiam
884 2551 1031 2615 consulta
1054 2551 1175 2637 pietate
1199 2551 1405 2637 porrigimus,
1436 2550 1575 2637 qualiter
1597 2552 1682 2616 infra
1706 2575 1764 2616 sex
1788 2575 1916 2616 menses
1948 2563 1981 2617 et
2004 2554 2086 2616 vitia
2103 2577 2128 2616 so

695 2660 837 2745 ignorati
859 2659 951 2722 testis
974 2658 1143 2744 perquirat
1166 2668 1199 2721 et
1222 2679 1319 2722 cause
1344 2680 1401 2722 sue
1425 2659 1590 2744 negotium
1614 2681 1767 2745 reparare
1789 2659 1946 2724 intendat.
1987 2659 2085 2740 Quod

697 2767 724 2829 si
747 2766 832 2830 infra
856 2787 915 2829 sex
945 2786 1072 2828 menses
1096 2787 1161 2828 non
1191 2765 1333 2850 potuerit
1363 2774 1395 2829 et
1426 2765 1505 2828 vitia
1532 2764 1752 2851 predictorum
1783 2768 1914 2830 testium
1945 2789 2084 2854 querere

697 2883 729 2936 et
764 2895 872 2937 coram
907 2871 1016 2936 iudice
1052 2893 1163 2935 eorum
1197 2871 1365 2936 infamiam
1401 2870 1620 2958 conprobare,
1663 2875 1798 2938 exactis
1823 2896 1881 2938 sex
1916 2873 2085 2939 mensibus

695 2978 818 3043 nullum
841 2980 906 3042 ianr
931 2979 962 3042 ei
985 2977 1070 3043 ultra
1093 2979 1247 3064 temporis
1272 2979 1411 3065 spatium
1436 2977 1576 3061 dabitur,
1601 2979 1687 3065 quod
1711 2991 1768 3045 aut
1790 2980 1951 3066 prolatum
1966 2992 2085 3045 testem

695 3086 850 3150 infamem
874 3108 945 3150 esse
970 3087 1144 3149 convincat
1173 3095 1229 3149 aut
1257 3084 1355 3149 alium
1384 3095 1499 3150 testem
1530 3109 1589 3172 pro
1620 3086 1736 3150 eadem
1767 3107 1866 3152 causa
1895 3088 1929 3150 in
1960 3087 2083 3153 iudicio
2103 3111 2128 3152 as

696 3193 856 3280 proferat3
880 3192 941 3268 sed
962 3192 1050 3279 quod
1073 3193 1256 3256 testimonio
1281 3213 1392 3257 eorum
1417 3193 1561 3257 extiterit
1584 3192 1761 3278 alligatum,
1778 3192 1902 3258 valebit
1921 3207 2084 3281 perpetuo

696 3299 801 3365 modis
824 3298 973 3364 omnibus
996 3298 1234 3364 inconvulsum.
1281 3298 1325 3362 Et
1350 3309 1459 3362 tamen
1491 3299 1517 3362 si
1547 3301 1586 3379 is,
1618 3301 1670 3363 cui
1700 3299 1823 3364 licitum
1855 3311 1905 3364 est
1934 3323 1994 3388 per
2024 3325 2083 3366 sex

696 3429 824 3472 menses
840 3408 922 3472 vitia
945 3408 1075 3472 testium
1092 3427 1257 3488 accusare,
1282 3405 1460 3491 legitimam
1476 3405 1612 3470 fortasse
1629 3406 1714 3470 infra
1730 3409 1938 3472 constitutum
1954 3418 2084 3496 tempus

696 3512 920 3599 probationem
950 3514 1122 3596 invenerit,
1154 3536 1218 3599 qua
1248 3511 1409 3599 prolatum
1441 3523 1553 3578 contra
1583 3535 1618 3577 se
1649 3523 1765 3578 testem
1796 3513 1950 3579 infamem
1980 3517 2085 3602 possit

697 3619 909 3702 convincere,
945 3643 1044 3706 supra
1078 3643 1150 3700 eos,
1186 3641 1266 3707 quos
1301 3619 1449 3683 viventes
1483 3620 1626 3704 potuerit
1654 3619 1830 3703 infamare,
1865 3621 1989 3686 licitum
2022 3625 2084 3687 erit
2102 3648 2129 3686 so

697 3726 862 3791 causidico
898 3726 1074 3792 adductum
1112 3737 1228 3790 testem
1263 3725 1453 3812 producere.
1511 3724 1596 3789 Nam
1631 3727 1659 3790 si
1693 3725 1836 3813 aliquem
1870 3728 1911 3793 de
1946 3753 2082 3795 numero

695 3833 824 3898 illorum
839 3833 980 3917 testium,
997 3835 1052 3920 qui
1068 3834 1207 3919 primum
1224 3833 1348 3896 iurasse
1364 3843 1550 3914 noscuntur,
1567 3834 1747 3898 constiterit
1761 3834 1861 3899 fuisse
1881 3835 2081 3918 defunctum,

695 3939 819 4004 nullum
843 3963 941 4027 super
964 3950 1126 4005 mortuum
1149 3939 1368 4004 testimonium
1397 3937 1542 4022 dabitur3
1573 3961 1635 4003 nec
1662 3939 1696 4003 in
1727 3939 1846 4006 talibus
1870 3941 1922 4006 vel
1948 3942 2082 4030 quibus-

695 4046 776 4112 libet
798 4047 870 4112 aliis
894 4049 1001 4112 causis
1026 4047 1244 4112 testimonium
1268 4047 1337 4109 vivi
1361 4068 1458 4132 super
1481 4056 1642 4110 mortuum
1665 4045 1730 4111 ullo
1755 4047 1851 4113 modo
1882 4049 2081 4132 admittetur,

697 4165 834 4241 excepto
859 4155 886 4218 si
908 4177 968 4240 per
991 4152 1170 4240 legitimum
1195 4163 1227 4217 et
1249 4153 1457 4217 manifestum
1480 4153 1640 4238 scripture
1664 4165 1802 4238 textum,
1833 4154 1889 4220 ubi
1912 4158 1993 4242 ipse,
2026 4159 2082 4245 qui
2101 4181 2127 4220 as

696 4261 868 4326 defunctus
892 4273 950 4342 est,
975 4271 1031 4324 aut
1054 4283 1144 4325 reum
1169 4283 1203 4324 se
1228 4260 1372 4323 criminis
1400 4281 1472 4324 esse
1503 4282 1684 4346 agnoscens
1715 4264 1884 4349 suscripsit
1914 4273 1970 4327 aut
1997 4265 2081 4329 iusto

697 4369 849 4455 equitatis
879 4367 1000 4432 iudicio
1031 4366 1160 4455 publice
1192 4366 1363 4431 denotatus
1399 4369 1560 4453 apparuit.
1618 4367 1661 4431 Et
1695 4368 1756 4432 hec
1792 4369 1923 4455 quidem
1958 4370 1999 4435 de
2034 4373 2082 4434 in·

538 4606 576 4666 11,
596 4609 620 4666 4,
641 4607 665 4656 1.
709 4607 764 4657 12.
785 4606 956 4670 representia
974 4605 1037 4655 ΕΙ.
1074 4600 1131 4671 per]
1151 4621 1199 4670 pro
1219 4603 1247 4653 E
1259 4606 1281 4653 1.
1305 4603 1314 4665 ΙΙ
1336 4604 1353 4653 l.
1368 4607 1391 4654 3.
1412 4605 1527 4670 probata
1547 4605 1570 4653 1³
1582 4607 1621 4655 15.
1641 4605 1709 4655 Pia.
1732 4605 1741 4666 l]
1764 4607 1781 4656 1.
1796 4607 1820 4656 5.
1839 4608 1916 4657 testis
1935 4606 2001 4657 deest
2020 4607 2048 4657 E
2061 4611 2083 4658 1.

428 4697 446 4746 1
467 4697 491 4745 6.
517 4694 658 4746 testificari
678 4695 734 4744 1⁷1.
758 4698 783 4745 4.
840 4695 887 4760 qui
913 4695 1020 4745 dixerat
1047 4694 1074 4744 Ε
1093 4697 1114 4754 1,
1141 4684 1183 4743 abi
1207 4694 1366 4744 subvertere
1392 4693 1460 4744 velit
1485 4694 1582 4744 desunt.
1615 4694 1623 4756 l]
1655 4694 1672 4744 1
1693 4697 1716 4746 l.
1743 4690 1842 4758 stante]
1868 4702 1986 4746 testante
2013 4697 2082 4748 El.

430 4787 444 4836 1.
467 4787 492 4836 6.
520 4784 788 4835 1551111511151’”2.3Ι
810 4786 833 4834 6.
892 4786 951 4850 ipsa
969 4784 1035 4834 deest
1054 4783 1115 4833 El.
1148 4782 1157 4843 ]
1189 4783 1206 4833 l·
1226 4785 1250 4832 9.
1277 4777 1348 4845 ante]
1375 4789 1457 4833 antea
1483 4782 1510 4832 Ε
1527 4785 1551 4833 2.
1578 4784 1640 4834 Vr.
1667 4786 1691 4834 4.
1724 4782 1732 4843 l]
1764 4785 1780 4834 l.
1803 4786 1843 4834 10.
1870 4791 1897 4835 51
1921 4785 1988 4835 deest
2013 4786 2041 4836 Ε
2059 4790 2082 4838 Ι.
2100 4797 2128 4835 to

428 4876 446 4925 1
468 4877 507 4924 12.
534 4869 638 4937 iudicii]
666 4875 766 4924 iudicis
790 4874 813 4923 V
826 4875 850 4924 3.
879 4876 919 4924 15.
975 4874 1114 4923 verissimo
1134 4873 1191 4922 Vi.
1212 4875 1237 4921 4.
1256 4873 1280 4922 6.
1312 4869 1321 4930 l]
1353 4872 1369 4921 1.
1391 4874 1432 4920 14.
1459 4873 1626 4937 prepositum
1647 4872 1708 4923 Ε2.
1729 4873 1792 4935 V3;
1817 4876 1987 4939 propositam
2014 4875 2081 4926 El.

429 4965 445 5013 1
468 4965 507 5013 16.
535 4958 739 5029 reprobatione]
761 4964 940 5012 retributione
960 4962 988 5012 Ε
1001 4966 1022 5011 l.
1055 4961 1064 5023 ]]
1096 4962 1113 5011 1.
1136 4962 1175 5011 l’l.
1202 4961 1236 5010 ad
1256 4961 1335 5009 cuius
1353 4955 1389 5026 p.]
1408 4977 1425 5009 a
1445 4962 1523 5010 cuius
1543 4969 1647 5027 part-ern
1667 4961 1735 5024 Ε1;
1761 4979 1778 5012 a
1804 4963 1883 5012 cuius
1910 4971 1986 5029 parte
2014 4965 2083 5016 Pru.

429 5055 445 5104 1
468 5055 508 5102 16.
534 5053 742 5103 testificabarint
761 5052 829 5114 Ε2;
856 5050 1070 5102 testificaverunt
1090 5051 1145 5101 Va.
1178 5047 1187 5111 Ι]
1219 5051 1235 5100 1.
1257 5052 1297 5099 19.
1324 5065 1352 5099 55
1372 5049 1441 5099 dixit
1460 5049 1483 5097 V
1492 5051 1522 5113 2;
1545 5067 1573 5101 se
1594 5052 1692 5101 dixerit
1711 5051 1769 5100 Vl.
1789 5053 1813 5103 3.
1835 5054 1858 5103 6.
1914 5048 1990 5118 quid]
2017 5071 2081 5104 sorr.

429 5141 761 5208 quodlf23quodl'1.
783 5142 807 5191 6.
831 5140 840 5202 ΙΙ
863 5139 1150 5190 120.115511115Ε2.
1172 5140 1227 5188 l'l.
1265 5133 1400 5202 consulta]
1420 5147 1553 5190 consueta
1572 5139 1596 5187 1⁷
1605 5142 1628 5189 2.
1666 5136 1782 5204 menses]
1802 5157 1929 5207 reparare
1945 5143 2082 5207 pertarid.

427 5232 514 5280 5151.
534 5229 596 5280 Ε2.
629 5231 637 5291 l]
670 5232 749 5281 122.
775 5230 978 5298 predicatorum
999 5229 1060 5279 ΕΙ.
1093 5229 1101 5290 l]
1133 5229 1149 5278 l.
1170 5231 1212 5278 23.
1238 5223 1387 5291 infamiam]
1408 5234 1436 5277 et
1454 5228 1566 5278 fantium
1585 5228 1648 5279 ΕΙ.
1695 5224 1809 5294 exactis]
1826 5230 1864 5279 ita
1883 5230 1915 5280 Ε.
1936 5231 1991 5282 Va.
2012 5235 2037 5282 3.
2056 5235 2081 5282 4.
2100 5241 2127 5282 16

429 5321 454 5369 6.
483 5321 530 5381 15;
557 5322 701 5370 transactis
727 5321 752 5369 V
768 5323 790 5370 1.
818 5323 841 5369 6.
869 5319 937 5369 Pitlr.
962 5319 1033 5369 Mod.
1066 5317 1074 5378 l]
1107 5320 1124 5368 1.
1144 5321 1186 5368 21.
1213 5312 1295 5382 quod]
1313 5317 1350 5366 ito
1369 5316 1431 5367 ΕΙ.
1452 5317 1475 5364 l'
1485 5319 1508 5368 2.
1529 5319 1559 5379 6;
1580 5334 1633 5383 quo
1653 5327 1706 5369 ortt.
1740 5317 1748 5376 l]
1780 5320 1797 5369 l.
1818 5321 1859 5369 25.
1885 5321 1985 5371 infame
2012 5321 2040 5370 Ε
2059 5325 2081 5372 l.

427 5407 502 5460 126.
522 5410 650 5459 institerit
671 5408 731 5458 ΕΙ.
758 5407 767 5468 l]
793 5410 809 5459 1.
824 5411 865 5459 21.
885 5403 918 5472 is]
938 5409 979 5458 his
999 5408 1061 5458 Ε2.
1081 5408 1106 5456 V
1115 5409 1138 5457 6.
1165 5405 1174 5468 ΙΙ
1200 5407 1272 5457 128.
1294 5405 1414 5471 legitima
1434 5405 1503 5468 ΕΙ;
1527 5405 1678 5472 legitimum
1698 5407 1759 5458 Ε2.
1788 5405 1797 5467 l]
1825 5395 1903 5458 132.
1930 5410 2020 5460 iurare
2048 5411 2081 5461 Ε.

427 5500 502 5550 133.
521 5501 550 5548 in
570 5497 738 5562 quibuslibet
757 5498 819 5548 ΕΙ.
843 5497 851 5557 Η
875 5499 891 5548 l.
906 5501 947 5548 34.
968 5493 1035 5561 ullo]
1056 5497 1131 5548 nullo
1151 5495 1214 5546 Ε2.
1234 5495 1257 5543 V
1267 5498 1290 5545 3.
1314 5494 1323 5556 ]]
1346 5497 1418 5549 135.
1438 5497 1582 5547 manifeste
1598 5496 1655 5546 El.
1679 5497 1688 5557 11
1711 5499 1784 5548 136.
1804 5498 2008 5564 subscripsitE
2017 5503 2039 5550 1.
2054 5500 2081 5550 V.

539 5697 568 5768 1)
594 5698 639 5755 sc.
664 5697 705 5768 11,
731 5698 761 5767 1,
787 5697 817 5752 e.
