4432 6232
633 345 713 400 LEX
735 343 1038 402 vlsloornonun
1060 343 1160 413 1v‚2‚
1180 343 1229 401 18.
1695 337 1756 400 187

108 541 211 612 Reae}
234 529 360 596 habens
386 553 522 596 uxorem
550 540 583 595 et
608 529 701 613 filios,
733 540 825 617 patre
856 530 903 595 vi-
957 537 1046 609 fiea]
1077 528 1258 596 luctuosam
1282 531 1427 598 defuncti
1456 531 1515 596 filii
1543 529 1757 597 hereditatem
1778 519 1925 610 rv,s,‘1e.

106 649 202 703 vente
225 639 407 720 recesserit,
438 648 612 725 antequem
643 638 673 702 ei
702 647 797 724 pater
826 659 903 703 suus
958 637 1105 723 tepuerit
1143 647 1175 702 et
1215 639 1368 703 intestata
1407 638 1610 721 discesserit,
1654 637 1758 702 omnis
2010 629 2012 636 ⁴

107 767 233 810 omnem
255 747 448 832 portionem,
472 767 535 832 que
559 745 590 810 ei
613 743 832 830 contingebat,
855 744 903 807 in·
958 744 1121 808 successio
1146 743 1292 809 eiusdem
1314 744 1477 810 facultatis
1501 744 1543 810 ad
1559 745 1758 831 propinquos

106 851 241 939 plesset,
274 863 306 916 et
335 852 405 938 ipse
437 874 511 916 cnm
540 861 633 938 patre
663 852 778 917 vivens
808 850 902 934 tilios,
958 849 1102 914 mulieris
1125 849 1263 914 heredes
1286 852 1448 938 pertinere
1470 849 1619 934 debebit,
1641 882 1675 916 ea
1693 879 1757 915 con-

78 981 186 1045 equos
209 958 396 1045 reliquerat,
412 960 545 1023 vivente
562 980 623 1024 evo
640 959 757 1023 mortui
773 958 902 1040 fuerint,
958 970 1067 1021 dicione
1087 977 1205 1031 servata,
1225 977 1256 1020 ut
1275 976 1387 1038 nepotes
1407 989 1440 1022 ex
1464 971 1521 1023 tilio
1547 971 1591 1022 rel
1617 970 1683 1032 tilis,
1710 973 1757 1037 qui

106 1077 181 1130 tuno
204 1065 261 1130 iila
284 1064 398 1130 relicte
420 1065 481 1130 hoc
505 1064 726 1130 tantummodo
755 1066 902 1152 recipiet,
956 1083 1033 1142 patre
1052 1077 1096 1128 rel
1116 1083 1200 1128 matre
1219 1082 1361 1144 suppreste
1380 1079 1480 1129 mortui
1493 1079 1603 1138 tuerint,
1622 1080 1757 1144 integram

106 1172 193 1260 quod
215 1175 249 1237 in
272 1174 424 1238 maritum
445 1183 540 1259 pater
562 1183 659 1237 antea
675 1173 901 1259 sequestravit,
958 1183 1094 1235 derebus
1114 1184 1221 1235 avivet
1242 1187 1311 1246 avie,
1334 1201 1413 1250 quem
1432 1186 1541 1236 fuerant
1566 1191 1645 1251 pater
1664 1200 1756 1236 eorum

105 1303 165 1345 neo
189 1279 262 1367 plus
289 1277 346 1343 iila
367 1279 468 1343 vidua
498 1301 518 1343 a
548 1301 643 1344 socru
670 1276 724 1343 vei
756 1278 902 1364 cognatis
957 1290 1000 1340 vel
1028 1296 1121 1351 mater,
1146 1292 1169 1342 si
1194 1292 1334 1351 vixissent,
1360 1291 1487 1352 habituri,
1516 1293 1669 1358 percipient
1694 1308 1756 1358 por-

105 1388 259 1474 requiret.
317 1386 353 1452 Si
387 1408 466 1450 vero
500 1385 585 1450 filius
624 1409 699 1451 cum
736 1396 828 1471 petre
867 1386 902 1448 in
956 1399 1066 1448 tionem.
1104 1398 1185 1460 Quod
1204 1400 1228 1448 si
1246 1397 1326 1459 filius,
1354 1398 1457 1449 habens
1484 1414 1596 1448 uxorem
1623 1404 1650 1450 et
1676 1397 1755 1459 tilios,

58 1516 89 1556 ιο
106 1517 265 1560 conrnune
288 1495 403 1558 vivens
426 1492 507 1558 nihil
529 1491 571 1558 ab
596 1515 635 1558 eo
663 1493 819 1579 portionis
850 1514 902 1557 ec·
957 1509 1033 1570 patre
1052 1505 1161 1556 virente
1184 1507 1334 1565 recesserit,
1361 1510 1507 1570 antequam
1534 1506 1560 1555 ei
1584 1511 1663 1571 pater
1688 1521 1755 1555 suus

106 1602 238 1688 ceperit,
266 1610 344 1665 tunc
373 1599 430 1664 iila
458 1600 559 1664 vidue
588 1598 809 1664 tantummodo
840 1597 902 1664 hoc
956 1627 1062 1662 omnem
1088 1614 1249 1678 portionem,
1276 1627 1328 1677 que
1351 1612 1376 1662 ei
1403 1613 1589 1677 contingebat,
1616 1609 1755 1678 inplesset,

105 1708 261 1794 accipiet,
316 1706 403 1793 quod
449 1707 480 1770 ci
525 1717 671 1793 tempore
717 1706 901 1792 nuptiarum
957 1723 984 1768 st
1009 1719 1067 1784 ipse
1094 1735 1154 1768 cum
1180 1725 1257 1784 petre
1282 1721 1378 1769 vivens
1406 1717 1486 1778 filios,
1512 1735 1580 1783 quos
1600 1716 1755 1783 reliquerat,

105 1816 240 1880 meritus
278 1815 347 1878 eius
391 1813 573 1879 donationis
619 1812 711 1878 titulo
757 1813 903 1877 noscitur
955 1826 1064 1875 vivente
1084 1841 1137 1877 avo
1161 1826 1262 1876 mortui
1286 1825 1396 1886 fuerint,
1423 1830 1487 1875 tunc
1507 1823 1555 1876 ille
1581 1823 1677 1875 relicta
1702 1825 1755 1876 hoc

105 1921 291 1986 contulisse.
345 1919 380 1986 Si
409 1943 488 1985 vero
518 1920 603 1984 filius
634 1921 735 2007 petris
766 1940 901 1983 servans
956 1932 1143 1982 tantummodo
1177 1933 1310 1998 accipiet,
1350 1932 1424 1997 qnod
1455 1933 1485 1982 in
1517 1933 1641 1982 maritum
1677 1937 1756 1998 pater

58 2049 89 2089 lt
106 2026 325 2093 obedientiam
347 2050 410 2110 res,
441 2049 504 2114 que
528 2028 559 2092 ei
582 2026 622 2091 tie
653 2036 799 2092 materne
830 2048 900 2090 euo-
957 2045 1038 2089 antes
1064 2041 1259 2104 sequestrarit,
1285 2055 1335 2090 neo
1363 2038 1424 2104 plus
1450 2038 1499 2089 illa
1525 2039 1607 2089 vidue
1632 2055 1648 2089 e
1674 2054 1756 2088 socru

106 2136 252 2202 cessione
291 2133 525 2221 conpetebant,
571 2144 696 2220 petrem
734 2132 901 2220 possidere
956 2145 1000 2196 vel
1020 2148 1145 2212 cognatis
1165 2148 1294 2211 requirat.
1332 2147 1361 2196 Si
1379 2161 1445 2197 vero
1464 2145 1535 2196 filius
1555 2162 1616 2196 cum
1634 2151 1712 2211 patre
1726 2146 1755 2194 in

105 2243 305 2330 permiserit,
336 2253 369 2306 et
398 2240 603 2327 postmodum
633 2239 769 2304 eandem
801 2238 901 2304 secui·
957 2269 1099 2304 commune
1117 2255 1212 2304 virens
1231 2252 1298 2304 nihil
1325 2254 1359 2303 ab
1386 2268 1419 2303 eo
1446 2253 1580 2320 portionis
1607 2252 1754 2318 acceperit,

104 2359 206 2414 tatem
227 2348 294 2414 filio
312 2347 465 2431 debitam,
482 2369 580 2434 quam
596 2356 689 2434 pater
704 2345 901 2433 possidebat,
955 2368 1021 2411 tunc
1040 2360 1088 2411 illa
1108 2360 1193 2411 vidua
1211 2360 1399 2410 tantummodo
1418 2359 1470 2410 hoc
1490 2360 1617 2424 accipiat,
1637 2357 1710 2424 quod
1728 2359 1754 2410 ei

105 2457 192 2521 idem
214 2455 299 2521 filius
322 2456 418 2520 uxori
441 2477 498 2519 sue
521 2453 575 2519 vel
602 2456 795 2540 cuicumque
827 2476 901 2518 con·
955 2473 1076 2532 tempore
1094 2468 1247 2532 nuptiarum
1266 2467 1378 2518 maritus
1406 2467 1463 2517 eius
1491 2466 1647 2517 donationis
1673 2463 1753 2516 titulo

57 2583 89 2622 ὀ
106 2564 256 2645 cesserit,
294 2562 387 2626 firma
421 2560 493 2626 telis
529 2560 660 2626 donatio
699 2561 733 2624 in
770 2561 900 2626 nomine
955 2575 1079 2624 noscitur
1098 2572 1252 2624 contulisse.
1290 2573 1404 2624 sivero
1430 2571 1502 2622 filius
1530 2574 1615 2639 patris
1641 2587 1753 2622 servans

104 2671 216 2735 uxoris
238 2669 292 2733 vei
315 2669 547 2755 cuiuscumque
578 2669 764 2753 conscripta
792 2689 900 2731 mene·
955 2681 1138 2731 obedientiam
1162 2696 1213 2740 res,
1239 2695 1292 2745 qne
1316 2681 1341 2730 ei
1368 2678 1401 2730 de
1428 2686 1551 2730 materna
1576 2680 1752 2730 successione

104 2775 167 2860 bit,
192 2777 221 2840 si
243 2787 352 2841 tamen
374 2775 433 2840 filii
456 2774 497 2839 (ie
522 2774 638 2840 eodem
661 2774 812 2860 coniugio
835 2796 901 2839 non
956 2787 1148 2854 conpetebant,
1167 2792 1273 2852 patrem
1291 2787 1432 2852 possidere
1452 2786 1613 2852 permiserit,
1634 2789 1660 2836 et
1678 2790 1753 2851 post·

103 2884 232 2950 fuerint.
279 2883 363 2948 Nem
386 2884 415 2946 si
443 2882 502 2947 filii
530 2892 695 2969 supreetes
726 2881 900 2964 extiterint,
956 2894 1065 2945 modum
1094 2895 1207 2944 eandem
1234 2891 1394 2943 facultatem
1422 2891 1479 2943 lilio
1506 2893 1639 2952 debitam,
1672 2907 1754 2957 quem

105 2991 182 3057 ordo
222 2991 397 3078 superioris
442 2988 524 3076 legis
565 2991 791 3054 incunctanter
837 3009 901 3052 eer-
955 3006 1034 3066 pater
1051 3000 1216 3066 possidebat,
1235 2999 1307 3050 idem
1325 2997 1397 3050 filius
1415 3001 1493 3050 uxori
1512 3015 1561 3050 sue
1579 2997 1621 3050 rel
1635 3000 1753 3048 cuicum-

62 3116 89 3156 it
104 3097 230 3164 vendut
257 3107 316 3162 est.
955 3123 1008 3174 que
1037 3107 1219 3165 concesserit,
1247 3105 1323 3156 firma
1350 3105 1413 3157 telis
1444 3107 1556 3158 donatio
1585 3107 1614 3155 in
1643 3107 1752 3158 nomine

956 3216 1048 3265 uxoris
1076 3212 1118 3264 vel
1152 3215 1349 3279 cuiuscumque
1380 3215 1534 3279 conscripta
1565 3213 1753 3276 manebit31i

158 3479 206 3540 IV,
226 3482 250 3540 2,
271 3480 313 3530 18.
349 3472 686 3541 t1.eli0s]filiusn2.
718 3473 728 3536 ΙΙ
760 3477 776 3528 1.
796 3477 820 3527 2.
847 3476 919 3528 ι11ι-,
1009 3475 1058 3536 IV,
1078 3477 1102 3534 2,
1124 3475 1164 3524 18.
1207 3475 1223 3524 1.
1243 3475 1267 3525 2.
1294 3469 1429 3539 capuerit]
1448 3474 1484 3524 ita
1502 3473 1535 3524 E.
1556 3475 1619 3536 1773
1639 3476 1753 3542 cupierit

105 3571 218 3620 cesserit
235 3567 295 3618 Β2.
319 3564 328 3628 ΙΙ
350 3567 368 3617 1.
381 3568 406 3618 3.
426 3568 584 3632 contigebat
602 3566 628 3615 Β
641 3567 664 3616 1.
687 3562 696 3625 ΙΙ
719 3567 736 3616 1.
749 3567 774 3616 4.
792 3567 901 3616 virente
961 3564 1026 3626 Ve;
1046 3565 1150 3629 ceperit
1167 3571 1221 3614 cett.
1245 3561 1254 3623 ll
1276 3565 1331 3615 te.
1352 3563 1474 3614 eiusdem
1494 3558 1645 3628 facultatis]
1663 3563 1701 3612 ita
1719 3561 1752 3614 Β.

106 3658 167 3708 ΒΙ.
196 3655 205 3716 ll
235 3657 252 3708 1.
266 3658 290 3707 ’1.
310 3657 492 3721 sequestrabit
511 3655 572 3706 112.
601 3652 609 3714 ΙΙ
636 3656 653 3705 1.
668 3656 693 3704 8.
711 3671 820 3705 socrum
839 3654 901 3705 ΒΙ.
961 3653 1019 3703 171.
1039 3655 1063 3704 2.
1084 3654 1107 3702 6.
1128 3654 1253 3715 1.8.14;
1274 3653 1394 3703 eiusdem
1413 3653 1572 3703 hereditatis
1592 3652 1672 3716 1715;
1693 3653 1752 3702 eius

66 3748 177 3800 totu.
197 3747 249 3797 hoc
268 3745 334 3796 deest
351 3744 413 3796 Β2.
437 3743 446 3804 ΙΙ
469 3743 702 3809 crepaturi.
725 3743 734 3804 ll
757 3746 774 3795 1.
786 3746 827 3795 11.
842 3760 901 3810 pre·
956 3743 1051 3793 eadem
1069 3740 1203 3793 facultate
1223 3742 1280 3793 173.
1299 3744 1324 3791 4.
1351 3743 1375 3792 5.
1401 3741 1473 3792 Mas.
1505 3740 1514 3802 ll
1546 3741 1607 3791 1.4.
1633 3735 1753 3805 debebit]

105 3838 207 3888 miserit
225 3835 287 3886 ΒΙ.
319 3832 328 3895 ll
359 3835 377 3884 1.
398 3835 438 3884 19.
464 3828 546 3896 idern]
568 3833 613 3883 hid
633 3833 694 3883 121.
739 3834 903 3885 consesserit
957 3832 1052 3883 debuit
1070 3829 1139 3894 1315
1159 3832 1270 3882 desevit
1289 3830 1317 3880 E
1326 3832 1351 3881 2.
1384 3829 1392 3892 Η
1424 3832 1441 3881 l.
1456 3832 1479 3882 5.
1498 3828 1542 3880 vel
1563 3847 1596 3880 ex
1614 3829 1670 3880 filia
1690 3829 1752 3881 ΕΙ.

106 3926 182 3987 Β1;
213 3925 384 3976 consenserit
414 3922 439 3973 Β
460 3925 483 3974 2.
529 3921 539 3984 ΙΙ
584 3924 600 3973 l.
624 3925 666 3973 21.
697 3924 800 3988 scripta
830 3922 856 3972 Β
877 3923 901 3972 2.
956 3921 1011 3974 to.
1031 3915 1183 3987 suppreste]
1201 3919 1239 3969 ius
1257 3919 1403 3983 Ε2.177;
1429 3921 1575 3984 superstite
1595 3919 1652 3970 Vl.
1672 3921 1697 3970 2.
1722 3920 1752 3982 ὃς

105 4015 121 4065 1.
141 4015 183 4065 22.
213 4008 318 4077 eodem]
346 4028 438 4064 eorum
464 4013 490 4062 Β
509 4014 532 4063 Ι.
571 4011 580 4072 ΙΙ
618 4014 635 4063 1.
656 4013 698 4062 23.
726 4013 808 4062 tuerit
834 4012 859 4062 Β
877 4013 901 4062 2.
955 4017 1092 4074 superstes
1111 4009 1180 4070 Ε1;
1200 4016 1343 4075 suppreste
1362 4009 1416 4059 alii.
1462 4003 1572 4072 luerint]
1592 4013 1622 4058 ut
1639 4010 1662 4058 si
1681 4007 1753 4058 lilius

104 4109 260 4170 supprestes
280 4103 341 4153 lta.
373 4097 383 4163 ΙΙ
414 4103 431 4154 1.
451 4103 493 4153 24.
519 4102 604 4154 hordo
624 4101 685 4152 ΒΙ.
956 4097 999 4150 vel
1020 4097 1076 4149 tilia
1094 4099 1231 4164 procreati
1248 4097 1309 4148 ade.
1329 4097 1391 4148 ΕΙ.
1421 4095 1430 4158 ΙΙ
1460 4099 1477 4148 l.
1491 4099 1515 4148 1.
1536 4092 1589 4162 eri]
1609 4097 1665 4149 sbii
1684 4096 1754 4160 1323

65 4201 89 4241 to
957 4189 1012 4239 evii
1031 4188 1089 4238 Vl.
1121 4187 1130 4248 ΙΙ
1161 4188 1179 4256 t.
1200 4189 1241 4238 10.
1268 4182 1422 4249 recesserit]
1442 4187 1480 4236 ita
1499 4185 1531 4236 Β.
1551 4186 1608 4236 171.
1627 4189 1652 4237 3.
1679 4188 1703 4237 5.
1730 4187 1754 4236 3.

957 4279 981 4328 ’1.
1009 4279 1055 4338 14;
1082 4277 1238 4328 discesserit
1259 4283 1314 4326 cett.
1353 4275 1362 4338 ΙΙ
1401 4277 1418 4328 1.
1438 4277 1479 4326 12.
1507 4277 1565 4342 ipse
1592 4301 1625 4310 -
1650 4270 1755 4338 virens]

955 4366 993 4416 ita
1017 4365 1050 4416 Ε.
1077 4365 1139 4416 Vl.
1166 4367 1191 4416 2.
1218 4367 1242 4416 3.
1271 4367 1295 4416 5.
1325 4366 1348 4415 6.
1376 4367 1400 4416 ’1.
1430 4367 1472 4416 13.
1506 4367 1554 4425 15;
1585 4367 1643 4431 ipse
1675 4366 1754 4416 sine

956 4461 1060 4521 patre
1087 4461 1135 4505 sut
1160 4471 1221 4505 cum
1244 4471 1277 4505 eo
1299 4451 1358 4517 (sos
1379 4451 1437 4516 174)
1458 4455 1552 4504 virens
1572 4453 1629 4503 174.
1649 4455 1680 4516 8;
1704 4453 1755 4504 des.

957 4543 1025 4594 Ru.
1044 4543 1116 4594 Mad.
1159 4538 1241 4608 filios]
1260 4543 1297 4594 ito
1316 4543 1349 4593 Ε.
1369 4541 1426 4594 172.
1446 4545 1470 4593 5.
1490 4543 1515 4592 7.
1536 4544 1584 4605 15;
1602 4541 1673 4594 611ιιι
1691 4559 1755 4593 sorr.

956 4632 1005 4684 tilii
1025 4633 1089 4695 1⁷65
1108 4631 1158 4683 lilii
1176 4641 1231 4683 cett.
1286 4626 1365 4698 quos]
1392 4632 1464 4698 quod
1490 4631 1559 4694 1⁷13
1584 4632 1651 4683 deest
1674 4632 1755 4684 1715.

957 4722 1126 4789 relinqueret
1143 4721 1206 4772 112.
1226 4721 1282 4772 171.
1303 4724 1328 4772 3.
1348 4723 1372 4773 l.
1398 4719 1407 4783 ll
1433 4721 1451 4772 1.
1465 4723 1506 4772 13.
1526 4715 1589 4784 aro]
1612 4722 1664 4772 ebo
1685 4720 1755 4784 Ε2;

957 4813 1037 4862 ambo
1065 4811 1093 4862 E
1111 4815 1133 4861 1.
1206 4810 1281 4862 illius
1307 4810 1369 4861 172.
1443 4805 1550 4874 relicta]
1581 4810 1666 4860 vidua
1691 4810 1716 4858 V
1730 4813 1756 4862 1.

958 4901 974 4952 l.
990 4902 1031 4951 14.
1050 4894 1247 4964 tantummodo]
1262 4899 1300 4950 ita
1316 4898 1344 4949 Ε
1355 4902 1378 4950 1.
1395 4899 1451 4950 171.
1471 4901 1496 4950 2.
1510 4900 1535 4950 e.
1548 4901 1577 4962 ῖς
1596 4898 1755 4950 tantumodo

958 4988 1022 5040 112.
1040 4988 1104 5052 173;
1130 4995 1236 5039 tanturn
1260 4997 1314 5040 cett.
1369 4983 1499 5054 accipiat]
1520 4989 1636 5055 recipiet
1655 4988 1711 5038 174.
1730 4989 1755 5037 5.

958 5079 1029 5144 quod
1044 5103 1078 5114 -
1092 5079 1210 5144 accipiet
1231 5073 1259 5139 (Ι.
1274 5075 1317 5140 18)
1338 5077 1388 5128 des.
1408 5077 1464 5128 171.
1488 5076 1497 5140 ll
1520 5078 1537 5127 l.
1552 5079 1593 5128 15.
1612 5071 1702 5140 socru]
1720 5075 1757 5126 ito

964 5166 1021 5219 171.
1041 5170 1064 5219 2.
1085 5169 1114 5230 3;
1134 5183 1242 5218 socrum
1261 5166 1330 5229 1313
1350 5183 1429 5217 socro
1448 5163 1535 5227 cettsll
1557 5168 1573 5217 1.
1589 5167 1630 5217 17.
1651 5162 1755 5231 virens]

959 5262 1016 5307 ant
1035 5259 1106 5307 sins
1125 5257 1198 5322 ipso
1217 5255 1278 5306 add.
1297 5255 1353 5306 174.
1373 5256 1398 5306 8.
1422 5253 1430 5316 ΙΙ
1453 5257 1469 5306 1.
1485 5256 1527 5307 18.
1545 5255 1676 5306 hoodeest
1694 5255 1756 5306 Ε2.

965 5347 1023 5396 V3·
1035 5349 1061 5396 4.
1075 5347 1099 5396 5.
1122 5343 1131 5405 Η
1155 5346 1171 5400 l.
1187 5347 1228 5396 19.
1247 5343 1329 5396 titulo
1350 5344 1470 5395 dotati
1489 5345 1564 5395 V15.
1587 5342 1596 5406 11
1618 5345 1635 5394 l.
1649 5346 1691 5396 20.
1711 5360 1756 5412 pa·

959 5437 993 5486 tri
1014 5435 1078 5485 ΕΙ.
1098 5434 1156 5484 176.
1188 5433 1197 5496 ΙΙ
1228 5435 1246 5484 l.
1265 5435 1307 5485 21.
1334 5435 1536 5485 oboedientiam
1554 5433 1617 5484 ΕΙ.
1666 5434 1691 5484 ei
1710 5427 1754 5496 de]

960 5523 1047 5574 eidem
1060 5522 1088 5573 E
1095 5526 1119 5574 2.
1137 5524 1191 5575 171.
1228 5529 1290 5573 mat
1304 5516 1387 5586 succ]
1401 5529 1541 5589 paternam
1554 5522 1756 5574 successionem

960 5612 1022 5665 112.
1045 5611 1054 5675 ΙΙ
1076 5613 1092 5664 l.
1107 5615 1149 5664 23.
1169 5613 1263 5663 eadem
1275 5610 1407 5662 facultate
1421 5611 1480 5663 ΕΙ.
1503 5610 1513 5673 ΙΙ
1535 5611 1608 5662 128.
1627 5606 1756 5675 manebit]

959 5709 1068 5754 maneat
1087 5701 1114 5752 E
1126 5705 1156 5764 13
1175 5703 1295 5753 manerit
1315 5701 1378 5752 112.

1490 5808 1541 5858 241Ι
