4372 6254
513 344 681 410 gCODIClS
705 346 909 404 EURICIANI
932 348 1177 406 FRAGMENTA
1202 350 1385 408 285-287.

490 541 526 596 ut
549 530 589 597 de
614 532 725 598 solidis
749 543 822 598 octo
845 557 966 598 nonum
990 535 1128 600 solidum
1152 535 1315 625 clredito]·

489 639 518 702 ri
542 640 598 725 qui
622 641 794 726 pecuniam
820 641 861 704 ad
886 665 1016 707 usuram
1040 643 1197 732 suscepi[t
1220 643 1294 733 sol]-

490 756 555 810 vat.
603 746 669 827 Qui
693 748 720 810 si
745 749 928 812 cautionem
952 747 1036 814 ultra
1059 749 1191 815 modum
1214 750 1350 839 s[uper]·

416 910 417 913 ,
489 853 540 916 ius
566 853 825 939 conprehensum
848 878 908 941 per
930 856 1172 944 necessitaltcm
1197 856 1277 945 sus]-

491 959 641 1045 cipicntis
665 959 807 1025 creditor
831 963 1011 1044 extorserit,
1037 963 1185 1028 condicio
1209 963 1345 1052 co[ntra]

488 1065 578 1152 leges
602 1067 725 1132 inserta
747 1090 813 1131 non
836 1068 953 1133 valeat.
1002 1069 1066 1150 Qui
1090 1069 1215 1159 contlrs
1238 1070 1310 1159 hoc]

488 1173 613 1255 fecerit,
637 1196 716 1257 rem,
741 1196 838 1261 quam
863 1175 1135 1258 commodaverat,
1162 1175 1267 1266 [reci]-

488 1280 558 1366 piat
581 1290 613 1344 et
636 1280 757 1346 nullam
780 1304 923 1346 usuram.
971 1281 1065 1364 Quae
1088 1307 1166 1348 vero
1191 1283 1319 1373 cau[tae
1343 1285 1415 1374 non]

489 1385 618 1451 fuerant
640 1410 706 1453 non
729 1387 896 1454 solvantur
918 1412 1026 1455 usure.

80 1595 107 1634 10
629 1565 715 1630 TIT.
750 1566 813 1630 DE
839 1567 1208 1634 VENDITIONIBUS.
1255 1570 1286 1648 sd

277 1669 699 1760 asausquOLXXXVIl
735 1671 890 1738 Venditio
919 1697 979 1760 per
1006 1676 1199 1762 scripturam
1227 1675 1314 1742 facta
1340 1676 1470 1764 plenam
1491 1703 1704 1754 :amanus-

494 1777 640 1868 [habea]t
661 1779 857 1845 firmitatem.
904 1780 940 1847 Si
953 1783 1052 1848 etiam
1075 1785 1237 1870 scriptura
1259 1784 1325 1847 fac·
1505 1757 1692 1806 ⁶l'L'⁸⁰¹'¹⁸'²'

490 1885 535 1974 [ta
557 1884 636 1974 no]n
660 1886 767 1970 fuerit,
793 1887 904 1952 datum
928 1889 1089 1975 praetium
1112 1890 1248 1955 testibus
1272 1913 1347 1954 con-

490 1991 681 2082 [problatun
706 2004 739 2058 et
763 1997 882 2080 emptio
896 1994 1016 2060 habeat
1029 1996 1224 2062 firmitatem.

490 2098 682 2189 [Vendiltiq
707 2102 734 2165 si
758 2101 857 2166 fuerit
881 2101 1040 2168 violenter
1063 2115 1201 2186 extorta,
1226 2104 1260 2168 id
1284 2115 1333 2168 est

490 2205 558 2295 [aut
579 2206 682 2296 m]etu
705 2209 817 2272 mortis
842 2219 898 2273 aut
920 2231 980 2296 per
1003 2209 1195 2294 custodiam,
1219 2210 1288 2276 nul-

490 2313 533 2402 [la
555 2312 679 2402 vale]at
702 2315 827 2379 ratione
837 2319 858 2378 ¹.

424 2489 715 2581 [CCLXXXVlll.
764 2491 822 2558 Si²
844 2492 924 2579 quid
947 2516 967 2558 a
990 2517 1085 2559 servo
1109 2495 1216 2561 alieno
1239 2495 1339 2561 fuerit
1358 2517 1676 2581 coupa·=a.sa.1s,s.

128 2755 195 2808 dum
218 2752 361 2818 creditori,
392 2751 440 2823 qui
463 2752 613 2826 pecuniam
635 2753 672 2807 ad
694 2771 808 2807 usuram
832 2752 915 2822 dedit,
947 2755 1059 2810 exolvat
1085 2797 1090 2810 .
1118 2797 1124 2810 .
1151 2796 1158 2810 .
1207 2755 1291 2820 Quod
1321 2757 1345 2812 si
1376 2757 1535 2812 cautionem
1564 2755 1641 2810 ultra
1669 2754 1781 2809 modum

81 2876 110 2916 ιο
128 2861 259 2932 superius
282 2859 508 2930 conprehensum
530 2876 583 2932 per
605 2860 808 2916 necessitatem
831 2861 1011 2933 suscipientis
1035 2863 1159 2918 creditor
1183 2863 1343 2930 extorserit,
1367 2863 1494 2918 condicio
1517 2869 1616 2919 contra
1637 2865 1719 2934 leges
1739 2861 1780 2914 in·

129 2974 208 3024 serta
229 2985 285 3022 non
307 2965 413 3020 valeat.
454 2963 488 3022 si
509 2964 571 3042 qais
594 2973 685 3022 autem
708 2974 807 3022 contra
830 2967 1035 3025 ordinationes
1060 2969 1134 3026 darec
1149 2970 1262 3038 fecerit,
1280 2990 1341 3027 eant
1356 2989 1426 3039 rem,
1448 2988 1531 3042 quam
1547 2969 1781 3034 commodaverat,

129 3075 260 3147 recipiat,
286 3079 316 3128 et
340 3091 396 3144 que
420 3079 504 3130 caute
527 3071 642 3130 fuerant
665 3072 696 3130 ia
718 3074 795 3130 nullo
818 3075 963 3130 solvantur
984 3095 1081 3132 usura.

237 3250 272 3308 L.
292 3249 350 3308 Vis.
370 3251 402 3321 V,
422 3249 457 3304 4:
482 3249 559 3306 TIT.
584 3251 636 3306 DE
663 3248 820 3308 COMMU
824 3251 871 3307 TA
881 3250 1077 3310 TIONIBCS
1099 3254 1162 3310 ET
1180 3253 1499 3310 VENDITIONIBUS.

237 3357 272 3414 L.
297 3356 364 3414 Bai.
392 3356 448 3412 16:
480 3357 533 3412 DE
557 3357 877 3414 VENDITIONIBUS.

81 3498 109 3537 aa
174 3483 388 3539 CCLXXXVI.
430 3481 465 3538 L.
485 3481 541 3540 Vis.
561 3482 593 3552 V,
611 3482 641 3551 4,
660 3482 694 3537 3:
715 3483 851 3538 Venditio
874 3502 927 3554 per
952 3473 954 3560 l
1027 3484 1061 3540 L.
1087 3483 1154 3542 Boi.
1182 3484 1233 3553 16,
1251 3484 1286 3540 2:
1313 3484 1347 3542 Si
1368 3485 1430 3561 quis
1451 3484 1610 3543 vendiderit
1631 3483 1782 3559 possessio-

57 3609 61 3616 ·
129 3593 295 3663 scriptruam
319 3591 396 3646 facta
410 3595 524 3662 plenam
539 3589 647 3648 babeat
662 3589 834 3645 firmitatem.
876 3587 926 3647 Ce-
980 3610 1042 3648 amr
1065 3611 1146 3648 suam
1171 3591 1265 3660 alicui,
1294 3600 1400 3648 terrant
1432 3635 1438 3648 .
1471 3635 1477 3647 .
1511 3635 1517 3648 .
1544 3599 1612 3667 post
1640 3597 1781 3666 occeptum

129 3707 227 3768 teram,
251 3699 274 3752 si
303 3697 388 3754 etiam
417 3697 557 3768 scriptura
586 3695 664 3752 lacta
692 3714 748 3751 non
778 3695 865 3752 fuerit
895 3704 926 3753 et
980 3699 1103 3769 pretium
1132 3706 1184 3755 aut
1206 3717 1263 3774 per
1293 3707 1403 3755 cartam
1432 3706 1483 3755 out
1511 3717 1568 3774 per
1595 3704 1683 3753 testes
1712 3715 1779 3753 con-

129 3806 226 3860 datum
241 3805 364 3877 pretium
382 3804 564 3876 presentibus
581 3803 704 3858 testibus
721 3805 922 3874 conprobetur,
980 3806 1118 3876 probetur
1134 3805 1226 3884 firroa
1251 3807 1355 3878 emptio
1380 3846 1386 3861 .
1414 3847 1420 3860 .
1446 3846 1454 3860 .

130 3919 160 3968 et
189 3913 306 3988 plenum
339 3911 445 3966 babeat
481 3911 586 3981 emptio
615 3907 753 3967 roborosa.
797 3911 927 3966 Vinditio
1025 3913 1173 3979 Venditio,
1198 3914 1220 3967 si
1244 3913 1331 3968 fuerit
1362 3913 1502 3968 uiolenter
1532 3917 1652 3978 extorta,
1683 3911 1713 3964 id
1737 3917 1781 3965 est

81 4032 109 4072 so
128 4037 204 4088 vero,
229 4020 252 4073 si
275 4018 363 4073 fuerit
385 4017 526 4073 violenter
550 4023 576 4072 et
596 4035 654 4092 per
676 4024 784 4072 metum
804 4023 924 4086 extorta,
982 4025 1032 4072 aut
1055 4025 1134 4072 metu
1157 4020 1253 4074 mortis
1277 4027 1326 4074 aut
1349 4037 1401 4091 per
1431 4019 1597 4085 custodiam,
1628 4017 1706 4072 nulla
1735 4033 1780 4070 ra-

128 4126 207 4180 nulla
228 4125 323 4181 valeat
345 4125 465 4180 ratione.
983 4126 1059 4180 tione
1076 4124 1169 4202 firmo
1192 4125 1236 4182 sit.

236 4301 463 4359 CCLXXXVlI.
515 4300 551 4358 L.
580 4299 648 4358 Bai.
680 4300 730 4372 16,
757 4301 791 4356 3:
829 4300 859 4357 Si
889 4302 951 4378 quis
980 4323 997 4358 a
1026 4322 1107 4359 servo
1138 4304 1230 4360 alieno
1263 4303 1373 4374 aliquid
1403 4301 1602 4374 conparaverit
1633 4303 1781 4358 nesciente

237 4558 416 4609 CCLXXXV.
453 4559 470 4610 l.
484 4562 508 4610 4.
528 4554 591 4622 Qui]
610 4558 648 4609 s'to
661 4575 712 4625 pro
730 4558 803 4626 quod
821 4559 942 4624 seriptum
959 4559 1058 4610 videtur
1076 4577 1096 4608 c.

130 4742 160 4798 ia
183 4739 421 4817 interpretatione
445 4737 555 4798 Codicis
577 4740 765 4798 Theodosium
787 4740 828 4809 ΙΙ,
847 4739 898 4812 33,
918 4740 954 4796 2:
979 4741 1002 4796 si
1026 4742 1088 4812 quis
1110 4742 1175 4813 plus
1200 4759 1282 4812 quam
1307 4741 1436 4813 legitima
1458 4741 1614 4796 centesima
1643 4740 1780 4806 continet,

84 4867 113 4906 ss
133 4849 186 4905 hcc
210 4855 255 4904 est
277 4855 338 4903 tres
361 4848 476 4918 siliquas
499 4849 528 4902 in
552 4866 625 4903 anno
648 4865 702 4920 per
724 4849 854 4916 solidum,
878 4849 996 4921 amplius
1020 4867 1038 4903 a
1061 4849 1191 4904 debitore
1215 4847 1267 4902 sub
1286 4849 1433 4904 occasione
1457 4847 1636 4904 necessitatis
1652 4847 1781 4918 accipere

131 4956 178 5012 vel
201 4955 313 5012 auferre
337 4956 538 5026 praesumserit
562 4963 623 5025 eta,
646 4955 721 5012 unde
743 4961 885 5011 aurarem
908 4955 976 5031 lepis
999 4962 1114 5012 nosque
1137 4953 1263 5010 leuasse
1286 4953 1518 5010 adamaverunt
1533 4953 1670 5031 Saaiqny,
1687 4951 1735 5011 ’0.
1754 4955 1780 5009 d.

131 5061 235 5119 R.R.'
259 5057 322 5131 11²,
348 5080 381 5136 p.
400 5060 440 5117 '16
458 5081 510 5137 sq,
543 5059 650 5129 sabbe,
675 5059 724 5120 ‘G.
750 5061 777 5116 d.
803 5060 841 5116 D.
867 5060 1028 5136 Rechtsqu!
1053 5060 1077 5130 Ι,
1105 5081 1137 5136 p.
1156 5061 1207 5130 77,
1239 5067 1265 5116 et
1288 5059 1387 5129 Dalm,
1413 5059 1531 5136 ‘Wesq
1554 5058 1681 5116 Studien'
1702 5079 1733 5135 p.
1752 5059 1780 5116 9.

133 5167 219 5232 Quod
239 5175 314 5226 recte
334 5169 537 5240 refutaverant
558 5167 608 5223 To.
627 5164 744 5244 Gaapp,
762 5165 913 5224 ‘German
930 5167 1083 5224 notandi)
1104 5187 1134 5242 p.
1153 5165 1193 5221 34
1206 5186 1258 5242 sq„
1283 5165 1431 5235 Brunner,
1448 5165 1498 5221 Ἥ.
1516 5163 1596 5236 ΒΘ)
1612 5165 1636 5235 Ι,
1655 5185 1689 5241 p.
1708 5165 1781 5222 324.

133 5273 182 5346 Cf.
207 5274 290 5332 etiam
313 5273 466 5332 Iustiniani
487 5273 560 5332 Nou.
581 5273 632 5342 34,
658 5293 681 5330 c.
701 5273 736 5329 1:
767 5274 789 5328 si
814 5281 908 5330 autem
931 5275 1068 5346 pecunias
1092 5275 1183 5342 dedit,
1207 5273 1275 5329 nihil
1299 5273 1417 5344 amplius
1441 5291 1524 5344 quam
1547 5291 1631 5328 unam
1653 5274 1782 5344 siliquam

85 5399 115 5438 so
131 5400 182 5454 pro
213 5382 323 5454 singulo
356 5381 445 5436 solido
477 5398 597 5436 annuam
631 5387 792 5452 praestare.
920 5374 949 5450 l)
983 5379 1031 5453 Of.
1061 5381 1096 5437 L.
1126 5381 1163 5437 R.
1192 5380 1249 5438 Vis.
1280 5377 1311 5438 G.
1339 5379 1389 5436 Ta.
1419 5378 1476 5448 ΙΙΙ,
1503 5379 1531 5448 1,
1556 5377 1574 5434 9
1604 5399 1627 5437 c.
1656 5379 1782 5455 Interpr.

133 5485 164 5558 2)
198 5487 316 5564 Lepon,
347 5494 489 5562 receptum
518 5486 548 5562 in
580 5486 682 5563 Lepem
712 5485 951 5556 Baiuvuriorum,
990 5485 1219 5544 Chindrumindus
1247 5505 1302 5543 rer
1330 5485 1439 5543 matulit
1468 5485 1503 5542 L.
1530 5485 1587 5543 Vis.
1612 5485 1645 5555 V,
1670 5485 1704 5555 4,
1732 5485 1781 5554 13,

130 5594 263 5665 reserens
286 5594 321 5651 de
344 5612 378 5651 ea
401 5592 444 5650 lis
465 5592 572 5651 verbis:
597 5611 659 5650 cum
682 5593 861 5667 promulgata
877 5595 985 5649 sanctio
1000 5595 1067 5648 iuris
1084 5594 1193 5665 antiqui
1210 5594 1270 5650 sine
1288 5593 1459 5647 dominorum
1476 5593 1625 5665 dispendio
1640 5609 1782 5648 servorum

131 5701 311 5758 venditiones
334 5701 363 5756 in
386 5701 495 5756 irritum
518 5701 699 5774 praeceperit
723 5701 863 5756 devocari.

1534 5817 1568 5868 2*
