4432 6232
627 339 708 394 LEX
730 337 1034 396 VISIGOTHORUM
1056 338 1157 407 1v,5,
1177 337 1205 393 1.
1682 330 1742 392 197

89 531 197 601 Reae}
232 533 377 610 potestas
411 523 565 589 manebit.
623 525 707 590 Nam
746 527 773 590 si
807 525 891 590 tilius
946 534 1033 606 Into]
1089 524 1269 589 testationis
1316 524 1465 589 condicio
1511 524 1744 589 intercessisse.
1765 528 1852 602 11,5,
1866 529 1893 588 1.

89 630 209 713 filiave,
232 652 345 716 nepOS,
369 632 476 718 neptis
499 642 567 697 tam
595 633 803 718 presumtiosi
835 655 890 696 ex·
946 646 1018 697 Saue
1037 647 1061 696 si
1080 645 1149 696 lilios
1169 647 1225 694 sive
1252 650 1366 710 nepotes
1392 645 1524 696 habentes
1551 643 1676 695 ecclesiis
1702 643 1745 695 vel

89 738 229 818 titerint,
260 749 297 801 ut
326 760 423 802 avum
454 761 548 803 suum
579 750 635 803 aut
665 741 790 822 aviam,
821 741 890 804 sive
946 752 1052 804 libertis
1090 758 1136 802 aut
1166 752 1264 816 quibus
1302 750 1434 816 elegerint
1465 753 1498 802 de
1530 750 1659 802 facultate
1695 767 1746 801 sua

90 845 187 906 etium
220 853 347 929 patrem
381 855 437 908 aut
466 856 605 909 matrem
638 857 705 910 tam
735 845 890 932 gravibus
917 847 919 918 l
946 859 1079 925 largiendi
1099 857 1269 911 voluntatem
1289 859 1442 918 habuerint,
1463 855 1556 909 extra
1571 843 1659 908 illam
1683 854 1745 908 ter-

59 951 216 1014 einiuriis
241 961 398 1015 conentur
421 950 565 1033 afficere,
597 951 658 1017 hoc
688 963 746 1034 est,
778 955 806 1016 si
836 964 891 1017 aut
945 954 1024 1018 tiam
1056 953 1251 1039 portionem,
1286 973 1348 1038 que
1382 953 1531 1038 superius
1565 951 1652 1016 dieta
1686 961 1744 1033 est,

89 1054 202 1142 alapa,
242 1079 351 1143 pugno
386 1057 439 1121 vel
474 1057 564 1122 ealce
599 1081 657 1123 seu
691 1059 800 1146 lapide
835 1069 891 1125 aut
946 1060 1059 1147 quinta
1086 1059 1204 1124 iterum
1234 1081 1310 1145 pars
1341 1057 1556 1145 separabitur.
1609 1073 1651 1122 De
1681 1081 1746 1144 qua

89 1163 173 1227 fuste
215 1162 268 1227 vel
309 1162 437 1250 flagello
478 1166 679 1251 percutiant,
721 1167 790 1230 sive
832 1189 892 1252 per
945 1182 1040 1246 quinta
1070 1187 1148 1247 parte
1179 1181 1321 1230 iudicandi
1351 1185 1474 1245 potestas
1506 1178 1561 1229 tuis
1591 1181 1745 1231 indubitata

88 1269 207 1357 pedem
241 1269 294 1334 vel
328 1293 388 1356 per
422 1271 555 1358 capillos
590 1295 629 1337 ac
663 1295 724 1360 per
757 1295 889 1337 manum
944 1289 1073 1338 manebit.
1118 1271 1184 1338 Sed
1209 1273 1278 1337 sive
1301 1273 1398 1337 tertia
1424 1295 1533 1336 renum
1563 1295 1649 1360 pars,
1681 1293 1743 1358 que

90 1378 190 1441 etiam
212 1375 265 1441 vel
289 1400 494 1464 quocumque
524 1379 693 1445 inhonesto
725 1401 805 1444 casu
834 1379 890 1444 ab·
944 1379 1154 1445 meliorandis
1176 1379 1273 1444 filiis*
1296 1378 1430 1466 inpendi
1453 1379 1643 1465 precipitur,
1674 1379 1743 1442 sive

48 1511 71 1550 ιο
89 1493 213 1548 struere
230 1483 460 1549 contumeliose
476 1498 675 1572 presumant,
690 1497 747 1551 aut
758 1485 889 1573 publice
945 1488 1066 1573 quinta,
1092 1509 1154 1573 que
1177 1509 1236 1573 pro
1261 1485 1444 1551 conlatione
1464 1484 1676 1550 ecclesiarum
1691 1485 1745 1549 vel

89 1589 317 1678 quodcumque
357 1593 480 1656 crimen
518 1614 579 1658 avo
619 1604 675 1658 aut
714 1595 787 1658 avie
832 1615 889 1658 seu
943 1593 1132 1658 libertorum
1179 1616 1236 1657 seu
1282 1593 1501 1680 quorumlibet
1552 1593 1743 1679 inpensione

88 1695 290 1784 genitoribus
314 1700 380 1763 suis
404 1697 562 1764 obiciant:
587 1698 679 1783 tales,
704 1702 731 1764 si
756 1700 889 1786 quidem
944 1700 1089 1788 separari
1123 1699 1262 1783 iubetur,
1298 1699 1339 1764 de
1371 1701 1512 1786 propriis
1542 1699 1744 1764 tantumdem

88 1805 260 1868 manifeste
285 1807 435 1889 convicti,
461 1817 493 1870 et
510 1805 706 1872 verberandi
723 1822 798 1872 sunt
813 1818 888 1872 ante
943 1806 1040 1873 rebus
1075 1806 1290 1894 separabitur.
1350 1807 1435 1871 Nam
1471 1806 1559 1892 quod
1597 1807 1743 1893 quisquis

87 1911 230 1976 iudicem
248 1913 487 1999 quinquagenis
502 1913 639 1999 flagellis
656 1926 689 1979 et
703 1913 745 1979 ab
761 1913 888 1978 heredi·
943 1914 996 1979 ille
1042 1937 1102 2001 per
1139 1915 1366 1979 auctoritatem
1411 1915 1581 2000 percipere
1626 1912 1744 1978 meruit

44 2043 71 2084 rs
88 2029 155 2082 tate
179 2018 450 2104 supradictorum,
474 2020 502 2084 si
524 2020 612 2085 idem
634 2044 715 2086 avus
731 2032 788 2086 aut
803 2023 888 2106 avia,
942 2023 1136 2109 principum,
1168 2020 1255 2085 nullo
1286 2020 1382 2085 modo
1412 2022 1448 2084 in
1476 2020 1743 2085 adnumeratione

88 2137 183 2211 pater
219 2125 274 2189 vel
311 2137 416 2191 mater
451 2126 629 2210 voluerint,
675 2128 856 2215 repellendi
866 2134 887 2192 ¹.
942 2128 1037 2192 huius
1083 2129 1177 2192 tertie
1216 2127 1269 2191 vel
1308 2129 1419 2214 quinte
1458 2129 1559 2213 partis
1599 2125 1743 2214 quolibet

89 2232 215 2296 Tamen
250 2233 294 2316 si,
329 2235 557 2320 resipiscentes
592 2257 612 2299 a
646 2257 704 2300 suo
739 2258 887 2319 excessu,
942 2236 1035 2301 titulo
1060 2235 1266 2318 admiscetur,
1291 2234 1350 2298 sed
1372 2235 1466 2300 iuxta
1488 2235 1595 2320 legem
1614 2233 1742 2314 aliam²,

88 2340 220 2403 veniam
243 2361 263 2403 a
283 2342 522 2426 suprascriptis,
539 2340 657 2428 quibus
674 2342 887 2426 offenderant,
942 2344 998 2429 qui
1035 2342 1097 2408 hoc
1136 2365 1156 2406 a
1192 2364 1270 2427 rege
1311 2342 1534 2429 perceperint,
1575 2339 1743 2406 habebunt

87 2445 333 2532 inploraverint,
358 2469 477 2533 eosque
501 2449 535 2511 in
550 2449 689 2533 gratiam
705 2451 889 2536 receperint
941 2449 1082 2531 licitum,
1114 2449 1209 2536 quale
1240 2448 1402 2513 voluerint
1431 2448 1471 2513 de
1508 2448 1643 2513 conlatis
1679 2447 1741 2512 sibi

45 2579 71 2618 so
87 2563 226 2639 paterna
259 2555 380 2640 pietate
416 2566 471 2619 aut
504 2577 612 2619 rerum
647 2578 778 2620 suarum
816 2578 887 2620 suc·
942 2555 1039 2620 rebus
1063 2579 1083 2620 a
1098 2558 1246 2642 principe
1262 2555 1348 2620 ferre
1363 2555 1530 2620 iudicium.
1568 2570 1741 2620 Exheredars

90 2682 235 2725 cessores
273 2660 480 2742 instituerint,
519 2683 625 2747 neque
663 2661 806 2748 proibel'i
845 2661 886 2726 ab
942 2684 1032 2728 autem
1050 2675 1120 2728 filios
1146 2685 1194 2728 aut
1219 2683 1332 2744 nepotes
1358 2675 1421 2728 licet
1445 2693 1492 2742 pro
1520 2677 1573 2729 levi
1599 2676 1678 2743 culpa
1701 2679 1741 2727 in·

89 2788 200 2831 eonlln
242 2767 421 2831 hereditate
462 2789 569 2854 neque
613 2779 747 2855 propter
791 2768 886 2833 disci·
942 2783 1046 2834 licitum
1083 2785 1137 2834 iam
1174 2784 1253 2835 dictis
1289 2785 1446 2850 parentibus
1483 2785 1547 2845 erit,
1583 2782 1741 2850 flagellandi

87 2873 221 2960 plinam,
246 2896 311 2959 qua
334 2875 474 2960 correpti
498 2885 582 2958 sunt,
606 2874 774 2940 infamiam
798 2885 886 2962 pote·
940 2897 1032 2941 tamen
1050 2897 1077 2941 et
1095 2892 1260 2956 corripiendi
1280 2907 1336 2950 eos,
1362 2892 1490 2958 quamdiu
1509 2896 1570 2943 suut
1587 2893 1616 2941 in
1638 2891 1742 2942 familia

87 2981 152 3044 rint
175 2979 335 3045 ullatenus
359 2982 529 3046 sustinere.
941 2999 1087 3058 constituti,
1114 3003 1168 3048 tam
1197 3013 1250 3048 avo
1279 3014 1360 3065 quam
1388 3000 1459 3058 avia,
1487 3014 1536 3050 sen
1563 3000 1633 3066 patri
1661 3015 1740 3065 quam

50 3111 73 3152 u
942 3105 1019 3155 matri
1050 3111 1172 3171 potestus
1203 3105 1332 3155 mauebit.
1380 3105 1450 3156 Nam
1480 3106 1503 3156 si
1533 3104 1607 3155 iilius
1640 3104 1740 3166 filiave,

941 3228 1026 3278 nepos
1055 3211 1111 3262 vel
1139 3213 1228 3278 neptis
1255 3217 1310 3263 tem
1335 3213 1509 3278 presumtiosi
1534 3214 1683 3273 extiterint,
1710 3220 1742 3264 ut

941 3334 1021 3368 avum
1047 3334 1126 3368 suum
1153 3324 1201 3368 aut
1227 3321 1333 3378 aviam,
1366 3321 1424 3370 sive
1451 3321 1532 3370 etiam
1558 3325 1662 3386 petrem
1694 3327 1741 3371 aut

941 3431 1052 3476 matrem
1080 3433 1134 3476 tam
1162 3426 1293 3491 gravibus
1320 3427 1427 3476 iniuriis
1457 3433 1589 3478 conentur
1622 3427 1740 3487 afficere,

941 3531 993 3582 hoo
1014 3539 1064 3593 est,
1083 3534 1107 3583 si
1126 3537 1173 3583 aut
1190 3531 1280 3597 alapa,
1307 3549 1400 3598 pugno
1419 3533 1462 3583 vel
1483 3532 1561 3584 calce
1580 3550 1629 3583 seu
1649 3532 1740 3599 lapide

986 3715 1011 3793 *)
1031 3728 1112 3778 1115:
1132 3723 1197 3779 liliis
1212 3724 1259 3779 vel
1275 3725 1437 3796 nepotibus,
1461 3726 1520 3780 sive
1545 3726 1663 3792 decima,
1683 3743 1739 3796 que

1030 3832 1059 3885 in
1083 3839 1233 3886 extraneos
1257 3831 1326 3887 ferri
1348 3832 1473 3900 iubetur,
1498 3833 1557 3887 sive
1575 3832 1673 3902 quinte
1689 3839 1738 3888 etc.

139 4091 189 4152 IV,
209 4093 234 4151 5,
255 4094 279 4141 1.
325 4093 342 4142 1.
364 4094 388 4142 5.
417 4091 533 4143 adiicere
562 4093 587 4142 Il
606 4094 636 4155 2;
665 4093 795 4160 adfligere
822 4095 844 4142 V
860 4096 885 4145 1.
993 4095 1041 4154 IV,
1062 4097 1086 4154 5,
1107 4098 1130 4145 1.
1171 4096 1188 4145 l.
1209 4096 1232 4144 6.
1259 4090 1366 4158 iterum]
1384 4111 1499 4146 rerum
1519 4094 1575 4144 Vl.
1625 4112 1680 4160 qua
1704 4097 1738 4146 ol.

85 4181 140 4232 te.
161 4179 204 4230 vel
224 4177 282 4246 per]
303 4198 351 4247 per
369 4181 435 4232 deest
453 4181 514 4232 Ε2.
535 4182 591 4233 Vr.
619 4182 629 4243 ll
657 4176 885 4248 1.s.vetqu00.]
939 4200 1006 4234 otoo.
1021 4192 1080 4248 poet
1091 4183 1152 4234 aaa.
1172 4183 1199 4232 E
1209 4186 1234 4234 2.
1257 4183 1266 4245 ΙΙ
1289 4186 1345 4236 tt.
1365 4179 1451 4250 parte]
1472 4186 1658 4236 tantummodo
1677 4185 1738 4236 odd.

85 4269 128 4320 vel
148 4269 215 4320 deest
234 4269 295 4320 Bl.
332 4270 885 4331 abstraherem.lll.14.iudiceRl.
946 4272 1020 4322 Vre.
1057 4269 1120 4335 illis]
1140 4271 1181 4323 illi
1200 4273 1257 4323 Vl.
1287 4272 1296 4334 ΙΙ
1326 4274 1380 4323 1.8.
1400 4269 1468 4337 sive]
1489 4273 1526 4324 ita
1545 4273 1580 4335 V,·
1597 4275 1649 4324 sibi
1668 4272 1697 4323 Ε
1707 4277 1737 4338 1;

26 4359 164 4410 15119.
189 4359 278 4423 gratia
297 4358 435 4410 112111.
461 4357 470 4420 ll
496 4360 575 4410 tto.
600 4355 724 4426 paterna]
743 4367 822 4427 pater
840 4359 883 4411 vel
939 4362 996 4410 sive
1017 4369 1076 4426 port
1100 4378 1164 4411 corr.
1189 4362 1242 4411 sivi
1269 4361 1297 4411 Ε
1313 4363 1337 4412 2.
1370 4360 1378 4422 ll
1410 4363 1426 4412 l.
1448 4364 1489 4413 12.
1515 4379 1642 4429 separare
1669 4363 1697 4413 Ε
1715 4367 1737 4414 1.

85 4455 235 4498 maternam
258 4446 283 4497 Ε
299 4449 323 4497 2.
350 4447 358 4508 ll
384 4449 401 4499 l.
421 4450 463 4498 21.
490 4442 535 4511 ab]
555 4449 588 4499 de
609 4449 670 4500 112.
696 4449 705 4509 ll
731 4451 747 4500 l.
767 4451 809 4500 28.
835 4467 883 4516 po·
938 4451 954 4500 1.
976 4452 1016 4500 14.
1043 4445 1149 4513 meruit]
1175 4451 1213 4500 ita
1239 4450 1267 4500 E
1283 4452 1307 4502 2.
1333 4451 1395 4501 Vl.
1422 4453 1447 4502 2.
1473 4453 1504 4514 3;
1530 4453 1660 4503 meruerit
1683 4461 1737 4504 cett.

84 4545 176 4588 terunt
196 4537 258 4588 Ε2.
938 4539 955 4589 l.
976 4541 1017 4589 16.
1044 4538 1187 4604 quodlibet
1213 4538 1241 4588 Ε
1258 4543 1280 4589 1.
1316 4539 1324 4598 ll
1359 4539 1375 4590 l.
1398 4542 1438 4591 11.
1465 4541 1649 4592 admisceatur
1673 4541 1737 4592 Va,

937 4628 955 4678 1.
971 4629 1010 4678 18.
1031 4623 1134 4693 aroge]
1148 4629 1182 4679 ad
1195 4644 1287 4694 regem
1301 4627 1366 4690 Ε2;
1379 4629 1429 4678 des.
1444 4629 1498 4678 Vt.
1522 4629 1530 4690 ll
1553 4630 1572 4678 l.
1586 4632 1626 4680 19.
1645 4627 1736 4697 quale}

938 4726 993 4784 qua
1011 4717 1080 4779 Ε1;
1106 4716 1214 4784 qualem
1235 4717 1264 4767 Ε
1279 4719 1303 4768 2.
1335 4715 1344 4779 ΙΙ
1376 4718 1392 4769 t
1413 4721 1454 4770 20.
1480 4719 1635 4769 Exeredare
1661 4719 1689 4769 Ε
1706 4721 1736 4782 2;

937 4806 1132 4857 Exhereditare
1157 4806 1221 4856 Vl.
1259 4803 1268 4866 ΙΙ
1307 4807 1385 4857 tat.
1412 4801 1474 4872 avo]
1500 4809 1546 4858 avi
1571 4807 1600 4856 Ε
1617 4811 1639 4858 1.
1666 4809 1736 4870 V23

937 4896 994 4946 abii
1013 4894 1076 4946 Ε2.
1108 4894 1117 4956 ΙΙ
1148 4895 1228 4946 126.
1256 4900 1457 4961 presumptores
1484 4895 1553 4959 V3;
1579 4913 1736 4964 praesump-

937 4986 1012 5035 tuosi
1043 4984 1111 5035 Pto.
1156 4983 1165 5044 ll
1208 4985 1225 5036 l.
1254 4987 1296 5036 21.
1333 4991 1383 5035 aut
1413 4980 1536 5050 matrem]
1566 4992 1594 5036 et
1624 4993 1737 5036 matrem

938 5072 1000 5123 Ε1.
1033 5071 1041 5134 ll
1073 5074 1090 5124 l.
1110 5075 1152 5124 28.
1178 5079 1234 5124 tem
1256 5068 1396 5140 gravibus]
1425 5081 1479 5125 tam
1500 5074 1567 5124 ‹leest
1585 5075 1620 5137 V,
1644 5077 1736 5142 gravis

945 5162 1001 5213 Ε2.
1038 5157 1157 5226 afficere]
1176 5163 1297 5229 affligere
1318 5163 1392 5213 Vre.
1425 5161 1433 5222 ll
1465 5165 1483 5215 1.
1503 5166 1544 5214 29.
1571 5164 1622 5214 hoo
1642 5171 1683 5216 est
1702 5188 1736 5198 -

939 5258 1097 5318 presumant
1117 5249 1157 5316 (p,
1176 5253 1234 5312 198,
1254 5252 1272 5302 l,
1289 5247 1316 5312 t)
1336 5252 1387 5303 des.
1407 5253 1463 5304 Va
1486 5255 1526 5305 15.
1576 5258 1624 5303 aut
1645 5247 1734 5320 alapa]

938 5347 987 5390 aut
1004 5340 1071 5390 alcea
1089 5340 1117 5390 Ε
1128 5343 1155 5402 1;
1175 5339 1254 5406 alapa
1274 5347 1321 5391 aut
1339 5340 1408 5391 Pau.

192 5573 221 5644 1)
249 5573 297 5646 Cf.
324 5574 381 5632 Ed.
405 5574 490 5632 nott.
518 5573 589 5631 168.
618 5573 689 5632 169.
782 5573 813 5646 2)
845 5576 974 5654 Allepart'
1002 5577 1111 5635 videar
1136 5575 1343 5636 C'lo'adosot'adi
1372 5581 1418 5636 lae
1448 5580 1479 5650 V,
1505 5578 1534 5650 2,
1560 5578 1578 5634 2
1609 5578 1645 5636 ab
1674 5579 1735 5655 ipso

88 5680 203 5759 Eroipio
226 5700 292 5758 repe
314 5689 408 5738 aucto.
458 5679 506 5752 Cf.
530 5680 586 5753 IV,
612 5681 640 5752 2,
668 5681 706 5737 16
715 5703 725 5753 ,·
751 5681 780 5753 5,
806 5682 835 5739 5.
