4478 6246
712 307 792 365 nan
816 307 1119 371 vrsrsorrrouun
1142 316 1182 384 11,
1199 315 1229 385 2,
1250 315 1299 372 10.
1790 314 1830 376 87

749 537 916 600 FLAVIUS
942 544 1161 602 GLORIOSUS
1186 547 1309 604 EGIGA
1332 549 1423 604 REX.
1850 551 1989 622 11‚2‚lu.

340 657 399 721 De
422 657 503 740 his,
535 658 604 744 qui
631 659 802 744 negotia
832 677 904 722 sua
934 661 1023 725 iure
1053 662 1287 748 principali
1317 663 1587 730 iudicialiter
1616 667 1831 756 incipiunt

341 775 379 829 et
405 775 553 852 postea
583 766 695 829 inter
724 785 765 829 se
796 765 905 830 citra
934 766 1138 832 iudicium
1168 768 1406 855 pacificare
1437 783 1681 857 presumunt
1713 782 1753 838 et
1783 772 1831 838 ad

826 874 1165 938 convenientiam
1195 874 1347 941 redire.

445 995 481 1061 Si
506 1005 601 1083 cepta
625 995 828 1060 causantium
858 997 990 1083 negotia
1020 998 1201 1064 dirimentis
1231 1023 1297 1064 non
1327 1003 1478 1066 terminet
1509 1002 1650 1068 discreta
1680 1025 1828 1087 censura,

337 1126 403 1168 non
431 1103 535 1169 solum
565 1104 698 1169 difficile
730 1097 885 1169 sedantur
916 1097 1142 1170 altercantium
1174 1107 1320 1192 negotia,
1355 1107 1413 1172 sed
1446 1117 1479 1172 et
1507 1108 1644 1173 diversis
1677 1121 1830 1176 causatur

337 1208 575 1276 obiectionibus
600 1211 723 1276 iustitia
746 1211 935 1298 perquisita.
983 1207 1096 1277 Solent
1120 1214 1206 1277 enim
1228 1213 1386 1299 plerique,
1418 1225 1590 1301 postquam
1620 1238 1750 1281 suarum
1781 1219 1828 1282 in-

336 1318 517 1382 tentionum
550 1319 657 1404 iurgia
689 1309 863 1404 principali
896 1316 1054 1403 adpetunt
1086 1321 1237 1384 examine
1269 1320 1429 1403 finienda,
1467 1321 1662 1408 quandoque
1696 1324 1828 1389 resoluti

334 1423 468 1488 licentia
499 1424 639 1511 legalem
672 1424 828 1511 fugiendo
858 1419 1017 1488 iacturam
1049 1424 1092 1489 ad
1124 1428 1351 1492 convenientis
1387 1426 1485 1492 finem
1517 1427 1695 1512 deducere,
1729 1453 1825 1516 quam

335 1531 435 1616 regiis
459 1530 623 1596 auditibus
647 1531 849 1618 protulerant
878 1550 1021 1595 causam.
1075 1529 1125 1597 Ne
1157 1555 1234 1619 ergo
1264 1532 1324 1598 sub
1354 1533 1479 1599 fraudis
1509 1535 1605 1599 huius
1636 1547 1826 1622 argumento

336 1659 412 1724 pars
436 1639 640 1702 causantium
662 1637 824 1703 iudicialis
848 1631 909 1703 feri
929 1637 1105 1724 equitatem
1121 1639 1266 1726 effugiat,
1290 1640 1365 1705 ideo
1381 1642 1543 1727 presentis
1559 1641 1641 1729 legis
1659 1645 1825 1708 sanctione

336 1744 556 1828 decernimus,
589 1755 638 1827 ut,
673 1746 868 1831 quicumque
898 1741 1053 1832 deinceps
1087 1767 1221 1810 eausam
1252 1769 1345 1811 suam
1378 1757 1492 1812 contra
1524 1747 1623 1812 alium
1654 1750 1746 1835 regio
1778 1751 1825 1814 in·

335 1853 499 1916 limaverit
528 1852 661 1917 culmini
691 1851 947 1934 decernendam,
978 1847 1067 1916 nulle
1096 1853 1220 1918 ratione
1252 1876 1287 1917 se
1316 1852 1356 1918 de
1387 1854 1508 1918 iudicio
1539 1853 1732 1920 submoveat
1762 1879 1824 1922 uec

335 1957 515 2046 quamlibet
538 1981 613 2023 cum
636 1981 694 2023 suo
717 1958 906 2023 adversario
931 1957 1192 2024 convenientiam
1216 1969 1309 2044 agat3
1340 1960 1399 2024 sed
1421 1970 1488 2025 tarn
1512 1960 1569 2024 diu
1593 1962 1679 2048 cepti
1702 1965 1824 2049 negotii

333 2067 589 2152 propositionem
619 2065 783 2148 intendat,
819 2065 924 2130 donec
954 2064 1073 2151 regalis
1104 2065 1278 2130 clementia
1307 2066 1449 2153 speciale
1484 2065 1631 2153 partibus
1666 2069 1822 2135 iudicium

333 2182 472 2260 promat.
519 2171 616 2252 Quod
640 2173 667 2236 si
690 2172 877 2237 inchoatum
900 2173 1066 2258 negotium
1091 2193 1200 2238 coram
1223 2173 1381 2260 principe,
1398 2173 1451 2238 vel
1471 2196 1552 2260 quos
1568 2174 1656 2239 idem
1671 2177 1824 2263 princeps

334 2277 468 2344 arbitrio
498 2302 557 2343 suo
590 2278 734 2365 elegerit,
766 2279 922 2366 expedire
953 2275 1135 2364 neglexerit
1164 2289 1198 2344 et
1228 2301 1466 2367 quamcumque
1497 2280 1719 2346 definitionem
1750 2305 1825 2347 cum

334 2409 392 2451 suo
423 2385 588 2451 causidico
618 2387 798 2472 peregerit,
830 2396 895 2450 tam
924 2387 1044 2472 petitor
1075 2405 1173 2472 quarn
1203 2385 1351 2473 pulsatus
1385 2397 1511 2452 tautum
1544 2389 1635 2474 regie
1672 2391 1825 2474 potestati

332 2492 520 2579 persolvere
544 2515 578 2556 se
602 2493 762 2575 noverint,
787 2504 944 2579 quantum
966 2492 1030 2575 ille,
1055 2493 1147 2557 cuius
1170 2493 1283 2579 petitio
1308 2494 1461 2576 extiterit,
1486 2516 1546 2580 per
1569 2516 1702 2558 causam
1719 2497 1824 2582 ipsam

333 2601 525 2686 conquirere
556 2608 698 2686 poterat;
728 2600 774 2664 ita
801 2598 955 2664 videlicet
984 2609 1033 2681 ut,
1065 2599 1152 2686 quod
1181 2601 1274 2686 regia
1304 2611 1447 2686 potestas
1477 2601 1597 2665 exinde
1628 2601 1738 2666 facere
1768 2603 1823 2667 vel

331 2707 477 2772 iudicare
513 2707 710 2790 decreverit,
746 2708 779 2770 in
814 2705 948 2771 arbitrio
983 2705 1158 2771 voluntatis
1191 2705 1277 2770 illius
1313 2706 1490 2772 subiaceat.
1549 2707 1656 2773 Simili
1691 2731 1821 2795 quoque

332 2814 451 2878 damno
475 2825 507 2878 et
530 2813 577 2878 illi
600 2813 778 2879 mulctandi
800 2823 884 2895 sunt,
909 2813 989 2899 qui*
1010 2823 1084 2899 post
1107 2835 1205 2878 cause
1232 2813 1359 2878 initium
1389 2824 1563 2878 renuentes
1593 2813 1749 2879 iudicium
1779 2816 1820 2880 de

331 2921 482 2986 inchoato
506 2922 762 3008 presumpserint
783 2921 869 2984 inter
891 2942 926 2984 se
948 2921 1108 3006 pactitare
1124 2921 1265 3006 negotio.
1305 2918 1360 2986 Sic
1378 2943 1506 3007 quoque
1522 2930 1589 2985 tem
1609 2919 1709 2985 iudex
1725 2945 1823 3008 quam

332 3031 400 3093 saio
413 3029 524 3093 damni
539 3029 641 3114 ipsius
654 3027 890 3092 exsolutionem
906 3028 991 3091 inter
1002 3048 1037 3091 se
1051 3025 1197 3091 dividere
1210 3021 1399 3092 debeant**.
1432 3027 1530 3108 Quod
1546 3029 1574 3092 si
1589 3029 1651 3114 ipsi
1664 3029 1822 3093 causidici

331 3159 397 3201 non
418 3134 600 3218 habuerint,
625 3135 711 3199 unde
736 3143 930 3220 conponant,
956 3147 1000 3198 cc
1023 3132 1226 3220 flagellorum
1249 3135 1332 3198 ictus
1355 3135 1487 3221 utrique
1504 3136 1682 3221 accipiant3
1707 3135 1820 3222 sicque

440 3358 467 3426 *)
489 3363 537 3413 Vt
555 3358 595 3424 (ia
612 3359 743 3428 carpine).
763 3361 832 3414 Pia.
846 3362 918 3412 Mad.
937 3361 1003 3412 inter
1022 3357 1070 3428 qui
1092 3370 1116 3412 et
1136 3364 1202 3428 post
1219 3361 1347 3412 inserant:
1373 3357 1464 3429 iurgia
1492 3357 1682 3412 intentionum
1711 3376 1820 3413 suarum

490 3466 614 3520 iudiciali
637 3471 780 3536 appetunt
805 3465 930 3520 examine
954 3464 1080 3519 finienda
1103 3470 1143 3521 et.

424 3573 467 3639 **)
489 3577 557 3626 Pin.
583 3577 655 3627 itud.
679 3576 793 3627 ddunt:
819 3590 927 3643 suoque
957 3573 1010 3626 iuri
1040 3571 1198 3627 habituram
1227 3572 1392 3639 obtineant3
1421 3575 1474 3626 VS
1499 3575 1588 3626 addit:
1619 3579 1648 3627 et
1678 3590 1728 3626 suo
1759 3573 1819 3626 iuro

490 3697 603 3751 quoque
627 3680 766 3735 abituram
788 3679 947 3734 obtineant.

129 3917 151 3956 tu
275 3909 314 3968 ΙΙ,
334 3910 358 3968 2,
380 3908 420 3957 10.
460 3907 537 3958 Codd.
556 3907 614 3956 171.
634 3907 658 3956 2.
678 3909 702 3956 3.
727 3908 751 3956 6.
776 3905 812 3966 (8.
834 3907 874 3956 15.
898 3907 939 3957 17.
961 3904 1016 3968 18).
1053 3901 1136 3968 (suad.
1155 3922 1185 3956 aa
1204 3905 1260 3966 V3,
1282 3913 1312 3954 ut
1335 3913 1450 3955 mamni
1474 3903 1585 3967 editores,
1611 3921 1715 3970 quocum
1739 3907 1819 3956 codice

167 4004 248 4046 tuam
266 3997 380 4047 betium
397 3996 512 4046 alitionis
529 4013 580 4046 aon
598 4012 692 4060 seraper
709 3993 877 4058 waceaiuat).
907 4020 939 4029 -
967 3996 1028 4046 1..1.
1054 3997 1108 4045 FL.
1127 4019 1158 4028 -
1175 3989 1258 4057 REX]
1278 3995 1316 4043 ita
1335 3994 1391 4044 176.
1412 3996 1453 4045 17.
1473 3991 1558 4056 Ρ111.,·
1576 3995 1739 4056 ANTIQUA
1757 3997 1817 4046 add.

174 4087 238 4138 1717
256 4085 285 4136 in
303 4086 431 4151 energiam
448 4085 498 4136 des.
519 4085 575 4134 171.
595 4085 754 4136 2311611.
781 4083 789 4145 l]
815 4061 874 4136 t'a.
898 4086 940 4135 De
960 4085 1000 4134 his
1021 4109 1055 4118 -
1074 4079 1173 4146 redire]
1195 4085 1236 4133 De
1256 4083 1305 4142 his,
1326 4085 1373 4149 qui
1392 4085 1503 4148 negotia
1521 4100 1572 4134 sua
1594 4085 1648 4133 iuri
1671 4085 1818 4151 principali

170 4174 247 4236 (iuris
267 4174 427 4241 principalis
447 4172 526 4236 Pia.)
547 4179 681 4240 appetunt
701 4157 976 4236 (examiuefinienda
993 4173 1054 4238 add.
1073 4170 1153 4234 Ita.)
1176 4180 1202 4222 et
1222 4177 1318 4238 postea
1338 4178 1484 4222 renuentes
1503 4174 1574 4223 iuter
1593 4189 1621 4222 se
1648 4174 1718 4224 citra
1742 4176 1814 4240 priu-

167 4263 255 4330 cipale
274 4263 407 4314 iudicium
426 4263 460 4313 ad
480 4263 701 4314 convenientiam
720 4263 835 4313 redeunt
855 4267 882 4312 et
903 4259 944 4324 (ut
964 4258 1023 4322 178)
1045 4263 1190 4328 pacificare
1210 4267 1371 4328 presumunt
1390 4261 1413 4308 V
1421 4263 1446 4311 8.
1467 4262 1507 4311 17.
1528 4261 1613 4322 Pun;
1635 4263 1678 4314 De
1697 4263 1748 4323 his,
1769 4265 1816 4328 qni

129 4363 151 4404 u
166 4354 283 4418 negocia
296 4368 348 4403 sua
366 4351 532 4403 iudicialiter
550 4353 685 4418 incipiunt
703 4359 731 4402 et
749 4357 845 4418 postea
860 4349 935 4402 'inter
953 4368 982 4402 se
1002 4353 1071 4401 citra
1090 4351 1221 4400 iudicium
1241 4350 1385 4416 pacificare
1406 4359 1565 4415 presumunt
1585 4351 1647 4414 Vs,
1667 4351 1704 4401 Ut
1722 4353 1750 4412 ii,
1770 4354 1817 4416 qui

167 4444 278 4507 negotia
296 4458 346 4492 sua
370 4441 537 4492 iudicialiter
563 4442 698 4506 incipiunt
722 4441 849 4500 finienda,
875 4440 1031 4492 nullatenus
1057 4455 1105 4506 pro
1132 4457 1165 4490 ea
1189 4441 1261 4489 inter
1285 4456 1314 4489 se
1340 4440 1444 4505 pactire
1470 4447 1567 4504 postea
1593 4442 1661 4490 citra
1686 4440 1818 4491 iudicium

167 4530 358 4582 audeantV3.
378 4531 449 4580 Mau.
473 4528 482 4590 ΙΙ
504 4531 521 4581 1.
535 4532 559 4580 6.
579 4529 667 4580 solum
687 4537 735 4580 aut
754 4531 778 4578 17
787 4532 810 4580 2.
848 4524 967 4596 negotia]
986 4531 1076 4596 iurgia
1096 4529 1152 4579 176.
1172 4529 1240 4579 Pia.
1278 4523 1315 4590 et]
1336 4545 1352 4578 a
1373 4528 1396 4576 V
1405 4530 1435 4589 65
1454 4528 1521 4578 deest
1540 4529 1563 4577 17
1571 4531 1596 4580 3.
1619 4530 1628 4592 ΙΙ
1651 4529 1668 4578 1.
1683 4531 1706 4580 7.
1727 4530 1815 4580 obiec-

166 4615 297 4683 tionibus]
319 4620 472 4670 obiectibus
491 4619 549 4669 176.
571 4621 611 4671 17.
632 4618 716 4680 11114
741 4618 956 4684 obligationibus
980 4619 1041 4668 173.
1065 4617 1136 4668 Mad.
1191 4633 1303 4668 suarum
1327 4617 1394 4667 deest
1417 4617 1442 4665 V
1457 4619 1480 4667 2.
1513 4614 1522 4676 ll
1554 4619 1570 4667 1.
1591 4620 1615 4668 6.
1642 4614 1816 4684 quandoque]

166 4708 201 4760 ita
219 4709 276 4760 172.
296 4711 327 4772 6;
354 4708 414 4774 qiqt
435 4708 498 4770 171;
519 4710 636 4774 quadam
656 4709 711 4758 173.
732 4707 803 4758 Mad.
835 4707 845 4769 Ι1
876 4709 893 4759 1.
908 4709 931 4758 3.
951 4700 1097 4769 deducere]
1119 4706 1258 4757 deducunt
1277 4705 1334 4756 173.
1354 4708 1378 4756 6.
1397 4705 1469 4756 Mau.
1499 4704 1508 4766 l]
1538 4707 1611 4757 110.
1630 4701 1723 4771 regiis]
1744 4710 1816 4772 regis

126 4809 149 4848 to
172 4798 227 4849 173.
247 4799 272 4848 6.
291 4797 446 4848 Maliaci.
484 4793 605 4861 causam]
620 4813 702 4848 cause
718 4798 770 4848 172.
808 4791 978 4863 argumento]
997 4802 1168 4847 sacramento
1188 4796 1254 4846 Vll
1274 4790 1313 4859 (ia
1331 4793 1433 4860 aurp).
1454 4795 1521 4845 Itu.
1545 4795 1554 4856 l]
1576 4796 1593 4846 1.
1609 4798 1649 4845 11.
1668 4791 1816 4860 iudicialis]

165 4886 320 4938 iudicialem
340 4886 403 4950 176;
429 4885 588 4936 iudicialem
607 4903 748 4937 censuram
768 4887 824 4937 Vs.
873 4881 935 4950 fori]
956 4887 1020 4937 foris
1041 4886 1097 4936 172.
1118 4887 1142 4935 6.
1191 4880 1264 4949 ideo]
1285 4886 1354 4936 adeo
1375 4885 1432 4935 172.
1484 4887 1604 4950 presenti
1624 4886 1680 4937 Vl.
1700 4888 1725 4936 3.
1744 4886 1817 4936 Mad.

165 4977 181 5026 I.
196 4977 236 5026 12.
256 4991 367 5026 causam
383 5000 413 5009 -
427 4969 522 5039 alium]
536 4991 647 5026 causam
660 4992 736 5026 suam
755 4976 857 5026 habeus
877 4982 973 5026 contra
992 4974 1107 5026 alteram
1131 4975 1156 5023 V
1171 4977 1201 5037 23
1221 4991 1332 5025 cerream
1351 4990 1428 5025 suam
1450 4971 1557 5035 (contra
1576 4973 1660 5024 alium
1677 4972 1736 5036 om.)
1759 4975 1815 5025 176.

165 5065 231 5115 rsa.
263 5063 273 5126 ll
304 5065 320 5115 1.
342 5066 383 5114 15.
413 5065 534 5129 utrisque
554 5065 678 5129 partibus
697 5065 760 5115 172.
792 5064 801 5126 ΙΙ
833 5066 849 5115 1.
869 5067 911 5115 16.
932 5058 1100 5127 inchoatum]
1121 5079 1182 5114 eum
1200 5069 1306 5114 tantum
1326 5064 1349 5111 17
1359 5065 1383 5114 2.
1435 5064 1507 5113 idem
1526 5064 1652 5129 princeps
1672 5079 1739 5130 quos
1758 5064 1815 5113 172.

165 5155 236 5206 117.
255 5153 446 5204 diffinitionem
465 5153 522 5204 172.
545 5151 554 5214 l]
577 5154 594 5204 t
610 5155 650 5204 18.
668 5149 804 5219 pulsatus]
818 5153 942 5220 pulsator
957 5169 1020 5204 war.
1033 5153 1157 5220 pulsatus
1175 5152 1238 5214 Vl;
1258 5152 1382 5218 pulsator
1402 5153 1426 5200 V
1434 5155 1458 5203 3.
1472 5152 1543 5201 Mat.
1568 5149 1576 5211 l]
1599 5154 1616 5202 1.
1632 5155 1673 5202 19.
1692 5169 1720 5202 se
1734 5168 1816 5204 unus-

124 5251 148 5292 tt
165 5245 278 5309 quisque
297 5243 424 5294 noverint
442 5241 598 5308 persolvere
619 5243 674 5294 172.
730 5260 779 5309 Per
798 5259 908 5294 causam
928 5237 1023 5308 ipsam]
1043 5259 1092 5308 pro
1112 5259 1195 5292 carisa
1213 5243 1273 5308 ipsa
1292 5242 1349 5292 172.
1369 5243 1393 5291 6.
1414 5241 1481 5291 Pius.
1514 5239 1522 5300 l]
1552 5242 1569 5291 1.
1584 5243 1626 5291 21.
1645 5235 1731 5305 illius]
1750 5241 1817 5292 deest

171 5332 232 5395 Vs,
251 5348 316 5382 suae
336 5331 360 5380 V
369 5333 393 5382 3.
413 5331 572 5381 111111αά.
596 5329 604 5390 ll
627 5332 644 5381 1.
658 5333 700 5382 22.
720 5327 861 5394 iudicium]
882 5333 1050 5382 executionis
1068 5330 1206 5382 iudicialis
1224 5330 1284 5380 arbi.
1306 5331 1362 5380 172.
1386 5327 1394 5388 l]
1417 5331 1434 5380 1.
1449 5333 1490 5380 23.
1510 5324 1654 5395 pactitare]
1674 5331 1814 5396 depactire

170 5420 225 5471 173.
246 5422 270 5470 6.
289 5419 357 5470 stu.
377 5419 448 5470 Mod.
487 5420 532 5470 Sic
552 5415 669 5486 quoquc]
688 5422 778 5472 tocius
797 5422 901 5485 negotii
920 5420 982 5471 add.
1000 5421 1063 5483 172;
1084 5428 1114 5470 ut
1131 5420 1191 5470 arld.
1211 5421 1268 5470 173.
1288 5423 1312 5469 6.
1333 5419 1401 5469 Pia.
1421 5419 1493 5469 trad.
1516 5417 1525 5480 ll
1548 5421 1564 5470 1.
1579 5422 1621 5470 24.
1641 5421 1741 5470 debent
1757 5418 1814 5469 172.

162 5511 214 5576 ipsi
233 5510 367 5560 causidici
385 5509 435 5559 dea
456 5509 512 5560 172.
544 5505 553 5570 l]
585 5510 602 5560 1.
622 5512 664 5560 25.
691 5505 855 5576 conponant]
876 5511 1003 5560 damnum
1022 5511 1111 5576 ipsum
1131 5509 1287 5574 persolvant
1308 5508 1393 5568 Pitb.;
1418 5509 1544 5559 damnum
1563 5509 1652 5574 ipsum
1671 5506 1814 5559 exsolvant

170 5599 225 5650 173.
244 5599 316 5649 Mau.
370 5599 489 5649 hictibus
510 5598 623 5648 CC⁰³¹¹¹¹¹
645 5599 816 5665 flagellorum
835 5600 892 5649 172.
948 5593 1002 5663 OC]
1023 5607 1154 5649 centenos
1177 5597 1244 5648 Pla.
1264 5598 1335 5648 Mau.
1392 5604 1506 5663 uterque
1526 5599 1646 5662 accipiat
1665 5597 1721 5648 173.
1742 5597 1812 5646 stad.

122 5699 147 5738 to
164 5681 267 5753 sicque]
287 5689 371 5738 etsie
391 5687 535 5739 17317111.
555 5688 626 5738 ulau.
650 5687 659 5749 l]
681 5689 699 5738 1.
713 5690 755 5739 26.
774 5690 984 5754 intemptiounrn
1006 5689 1028 5738 l*
1037 5691 1060 5738 6.
1084 5685 1092 5747 l]
1115 5689 1132 5738 1.
1147 5690 1188 5739 27.
1209 5694 1321 5754 apetunt
1342 5687 1399 5737 176.
1422 5687 1430 5748 l]
1454 5687 1470 5738 1.
1485 5689 1527 5737 28.
1546 5689 1604 5737 iure
1625 5685 1695 5736 trad.
