<?xml version="1.0" encoding="UTF-8"?>
<!DOCTYPE html PUBLIC "-//W3C//DTD XHTML 1.0 Transitional//EN"
    "http://www.w3.org/TR/xhtml1/DTD/xhtml1-transitional.dtd">
<html xmlns="http://www.w3.org/1999/xhtml" xml:lang="en" lang="en">
 <head>
  <title>
</title>
<meta http-equiv="Content-Type" content="text/html;charset=utf-8" />
  <meta name='ocr-system' content='tesseract 3.04.00' />
  <meta name='ocr-capabilities' content='ocr_page ocr_carea ocr_par ocr_line ocrx_word'/>
</head>
<body>
  <div class='ocr_page' id='page_1' title='image "./legesvisigothor00zeumgoog/legesvisigothor00zeumgoog_0154.png"; bbox 0 0 4478 6246; ppageno 0'>
   <div class='ocr_carea' id='block_1_1' title="bbox 711 316 1836 390">
    <p class='ocr_par' dir='ltr' id='par_1_1' title="bbox 711 316 1836 390">
     <span class='ocr_line' id='line_1_1' title="bbox 711 316 1836 390; baseline 0.006 -19"><span class='ocrx_word' id='word_1_1' title='bbox 711 318 789 372; x_wconf 83' lang='lat' dir='ltr'>nux</span> <span class='ocrx_word' id='word_1_2' title='bbox 814 316 1120 376; x_wconf 84' lang='lat' dir='ltr'>vrsreornonuu</span> <span class='ocrx_word' id='word_1_3' title='bbox 1142 321 1181 389; x_wconf 81' lang='lat'>11,</span> <span class='ocrx_word' id='word_1_4' title='bbox 1199 321 1229 390; x_wconf 77' lang='lat' dir='ltr'>s,</span> <span class='ocrx_word' id='word_1_5' title='bbox 1250 321 1300 378; x_wconf 86' lang='lat'>12.</span> <span class='ocrx_word' id='word_1_6' title='bbox 1775 317 1836 378; x_wconf 86' lang='lat'>113</span> 
     </span>
    </p>
   </div>
   <div class='ocr_carea' id='block_1_2' title="bbox 138 501 1994 4117">
    <p class='ocr_par' dir='ltr' id='par_1_2' title="bbox 138 501 1994 2515">
     <span class='ocr_line' id='line_1_2' title="bbox 173 501 1994 597; baseline 0.007 -33"><span class='ocrx_word' id='word_1_7' title='bbox 173 511 283 581; x_wconf 77' lang='lat' dir='ltr'>Besa}</span> <span class='ocrx_word' id='word_1_8' title='bbox 299 503 432 567; x_wconf 89' lang='lat' dir='ltr'>missum</span> <span class='ocrx_word' id='word_1_9' title='bbox 449 514 507 585; x_wconf 88' lang='lat' dir='ltr'>est,</span> <span class='ocrx_word' id='word_1_10' title='bbox 524 501 610 566; x_wconf 86' lang='lat' dir='ltr'>infra</span> <span class='ocrx_word' id='word_1_11' title='bbox 626 503 836 568; x_wconf 90' lang='lat' dir='ltr'>constitutum</span> <span class='ocrx_word' id='word_1_12' title='bbox 851 514 980 592; x_wconf 89' lang='lat' dir='ltr'>tempus</span> <span class='ocrx_word' id='word_1_13' title='bbox 1035 517 1122 588; x_wconf 67' lang='lat' dir='ltr'>rhu]</span> <span class='ocrx_word' id='word_1_14' title='bbox 1158 517 1232 572; x_wconf 90' lang='lat' dir='ltr'>sunt</span> <span class='ocrx_word' id='word_1_15' title='bbox 1261 508 1363 593; x_wconf 91' lang='lat' dir='ltr'>edite,</span> <span class='ocrx_word' id='word_1_16' title='bbox 1396 509 1430 575; x_wconf 95' lang='lat' dir='ltr'>id</span> <span class='ocrx_word' id='word_1_17' title='bbox 1462 521 1524 591; x_wconf 89' lang='lat' dir='ltr'>est,</span> <span class='ocrx_word' id='word_1_18' title='bbox 1558 512 1592 574; x_wconf 94' lang='lat' dir='ltr'>in</span> <span class='ocrx_word' id='word_1_19' title='bbox 1627 509 1744 597; x_wconf 90' lang='lat' dir='ltr'>quibus</span> <span class='ocrx_word' id='word_1_20' title='bbox 1780 509 1994 593; x_wconf 78' lang='lat' dir='ltr'>ad-11,5‚1a.</span> 
     </span>
     <span class='ocr_line' id='line_1_3' title="bbox 174 607 1835 702; baseline 0.006 -30"><span class='ocrx_word' id='word_1_21' title='bbox 174 607 358 674; x_wconf 80' lang='lat' dir='ltr'>distulerint</span> <span class='ocrx_word' id='word_1_22' title='bbox 385 608 563 696; x_wconf 80' lang='lat' dir='ltr'><strong>adinplere,</strong></span> <span class='ocrx_word' id='word_1_23' title='bbox 591 610 742 675; x_wconf 81' lang='lat' dir='ltr'>noverint</span> <span class='ocrx_word' id='word_1_24' title='bbox 770 632 805 674; x_wconf 89' lang='lat' dir='ltr'>se</span> <span class='ocrx_word' id='word_1_25' title='bbox 832 610 979 676; x_wconf 86' lang='lat' dir='ltr'>falsario-</span> <span class='ocrx_word' id='word_1_26' title='bbox 1033 623 1169 680; x_wconf 88' lang='lat' dir='ltr'>vocatus</span> <span class='ocrx_word' id='word_1_27' title='bbox 1204 638 1225 679; x_wconf 94' lang='lat' dir='ltr'>a</span> <span class='ocrx_word' id='word_1_28' title='bbox 1257 615 1423 681; x_wconf 91' lang='lat' dir='ltr'>conditore</span> <span class='ocrx_word' id='word_1_29' title='bbox 1458 617 1622 702; x_wconf 86' lang='lat' dir='ltr'>legitimus</span> <span class='ocrx_word' id='word_1_30' title='bbox 1657 617 1748 681; x_wconf 89' lang='lat' dir='ltr'>testis</span> <span class='ocrx_word' id='word_1_31' title='bbox 1784 641 1835 682; x_wconf 92' lang='lat' dir='ltr'>su-</span> 
     </span>
     <span class='ocr_line' id='line_1_4' title="bbox 174 715 1834 808; baseline 0.006 -29"><span class='ocrx_word' id='word_1_32' title='bbox 174 738 248 780; x_wconf 87' lang='lat' dir='ltr'>rnur</span> <span class='ocrx_word' id='word_1_33' title='bbox 272 715 389 780; x_wconf 87' lang='lat' dir='ltr'>damno</span> <span class='ocrx_word' id='word_1_34' title='bbox 413 716 552 782; x_wconf 87' lang='lat' dir='ltr'>multari.</span> <span class='ocrx_word' id='word_1_35' title='bbox 1034 723 1179 808; x_wconf 82' lang='lat' dir='ltr'>scripsit,</span> <span class='ocrx_word' id='word_1_36' title='bbox 1218 733 1296 788; x_wconf 90' lang='lat' dir='ltr'>tuuc</span> <span class='ocrx_word' id='word_1_37' title='bbox 1331 726 1419 787; x_wconf 91' lang='lat' dir='ltr'>omni</span> <span class='ocrx_word' id='word_1_38' title='bbox 1456 723 1663 789; x_wconf 88' lang='lat' dir='ltr'>habebuntur</span> <span class='ocrx_word' id='word_1_39' title='bbox 1701 722 1834 789; x_wconf 89' lang='lat' dir='ltr'>stabiles</span> 
     </span>
     <span class='ocr_line' id='line_1_5' title="bbox 1032 827 1833 917; baseline 0.002 -25"><span class='ocrx_word' id='word_1_40' title='bbox 1032 827 1194 913; x_wconf 88' lang='lat' dir='ltr'>firmitate,</span> <span class='ocrx_word' id='word_1_41' title='bbox 1219 829 1350 917; x_wconf 90' lang='lat' dir='ltr'>quando</span> <span class='ocrx_word' id='word_1_42' title='bbox 1373 831 1458 895; x_wconf 87' lang='lat' dir='ltr'>infra</span> <span class='ocrx_word' id='word_1_43' title='bbox 1482 853 1541 896; x_wconf 89' lang='lat' dir='ltr'>sex</span> <span class='ocrx_word' id='word_1_44' title='bbox 1561 853 1689 895; x_wconf 89' lang='lat' dir='ltr'>menses</span> <span class='ocrx_word' id='word_1_45' title='bbox 1714 841 1746 895; x_wconf 89' lang='lat' dir='ltr'>et</span> <span class='ocrx_word' id='word_1_46' title='bbox 1769 830 1833 912; x_wconf 91' lang='lat' dir='ltr'>ille,</span> 
     </span>
     <span class='ocr_line' id='line_1_6' title="bbox 138 935 1833 1023; baseline 0.003 -27"><span class='ocrx_word' id='word_1_47' title='bbox 138 949 156 988; x_wconf 72' lang='grc' dir='ltr'>ὁ</span> <span class='ocrx_word' id='word_1_48' title='bbox 1032 937 1089 1022; x_wconf 93' lang='lat' dir='ltr'>qui</span> <span class='ocrx_word' id='word_1_49' title='bbox 1111 937 1145 999; x_wconf 93' lang='lat' dir='ltr'>in</span> <span class='ocrx_word' id='word_1_50' title='bbox 1170 935 1285 1001; x_wconf 89' lang='lat' dir='ltr'>eadem</span> <span class='ocrx_word' id='word_1_51' title='bbox 1309 939 1471 1023; x_wconf 90' lang='lat' dir='ltr'>scriptura</span> <span class='ocrx_word' id='word_1_52' title='bbox 1487 936 1527 1002; x_wconf 90' lang='lat' dir='ltr'>ad</span> <span class='ocrx_word' id='word_1_53' title='bbox 1544 938 1651 1002; x_wconf 91' lang='lat' dir='ltr'>vicem</span> <span class='ocrx_word' id='word_1_54' title='bbox 1667 939 1833 1002; x_wconf 89' lang='lat' dir='ltr'>morientis</span> 
     </span>
     <span class='ocr_line' id='line_1_7' title="bbox 1032 1043 1833 1131; baseline 0.002 -25"><span class='ocrx_word' id='word_1_55' title='bbox 1032 1044 1210 1129; x_wconf 79' lang='lat' dir='ltr'>suscriptos</span> <span class='ocrx_word' id='word_1_56' title='bbox 1227 1045 1387 1126; x_wconf 68' lang='lat' dir='ltr'>&#39;&#39;acceseit</span> <span class='ocrx_word' id='word_1_57' title='bbox 1420 1053 1454 1109; x_wconf 92' lang='lat' dir='ltr'>et</span> <span class='ocrx_word' id='word_1_58' title='bbox 1484 1043 1601 1131; x_wconf 84' lang='lat' dir='ltr'>reliqui</span> <span class='ocrx_word' id='word_1_59' title='bbox 1631 1053 1741 1126; x_wconf 89' lang='lat' dir='ltr'>testes,</span> <span class='ocrx_word' id='word_1_60' title='bbox 1777 1046 1833 1131; x_wconf 94' lang='lat' dir='ltr'>qui</span> 
     </span>
     <span class='ocr_line' id='line_1_8' title="bbox 1031 1149 1831 1238; baseline 0.001 -25"><span class='ocrx_word' id='word_1_61' title='bbox 1031 1149 1073 1214; x_wconf 89' lang='lat' dir='ltr'>ab</span> <span class='ocrx_word' id='word_1_62' title='bbox 1112 1173 1151 1215; x_wconf 90' lang='lat' dir='ltr'>eo</span> <span class='ocrx_word' id='word_1_63' title='bbox 1189 1152 1296 1238; x_wconf 84' lang='lat' dir='ltr'>rogati</span> <span class='ocrx_word' id='word_1_64' title='bbox 1330 1162 1421 1233; x_wconf 91' lang='lat' dir='ltr'>sunt,</span> <span class='ocrx_word' id='word_1_65' title='bbox 1461 1173 1569 1216; x_wconf 86' lang='lat' dir='ltr'>coram</span> <span class='ocrx_word' id='word_1_66' title='bbox 1608 1150 1717 1216; x_wconf 92' lang='lat' dir='ltr'>iudice</span> <span class='ocrx_word' id='word_1_67' title='bbox 1757 1174 1831 1216; x_wconf 89' lang='lat' dir='ltr'>oon-</span> 
     </span>
     <span class='ocr_line' id='line_1_9' title="bbox 1031 1256 1831 1344; baseline 0 -23"><span class='ocrx_word' id='word_1_68' title='bbox 1031 1256 1213 1322; x_wconf 90' lang='lat' dir='ltr'>dicionibus</span> <span class='ocrx_word' id='word_1_69' title='bbox 1237 1258 1333 1322; x_wconf 89' lang='lat' dir='ltr'>factis</span> <span class='ocrx_word' id='word_1_70' title='bbox 1356 1259 1545 1340; x_wconf 89' lang='lat' dir='ltr'>iuraverint,</span> <span class='ocrx_word' id='word_1_71' title='bbox 1563 1257 1650 1344; x_wconf 94' lang='lat' dir='ltr'>quod</span> <span class='ocrx_word' id='word_1_72' title='bbox 1665 1259 1700 1321; x_wconf 90' lang='lat' dir='ltr'>in</span> <span class='ocrx_word' id='word_1_73' title='bbox 1717 1257 1831 1322; x_wconf 89' lang='lat' dir='ltr'>eadem</span> 
     </span>
     <span class='ocr_line' id='line_1_10' title="bbox 1030 1363 1831 1451; baseline 0 -23"><span class='ocrx_word' id='word_1_74' title='bbox 1030 1365 1192 1450; x_wconf 89' lang='lat' dir='ltr'>scriptura</span> <span class='ocrx_word' id='word_1_75' title='bbox 1226 1387 1247 1428; x_wconf 88' lang='lat' dir='ltr'>a</span> <span class='ocrx_word' id='word_1_76' title='bbox 1280 1386 1315 1429; x_wconf 90' lang='lat' dir='ltr'>se</span> <span class='ocrx_word' id='word_1_77' title='bbox 1351 1366 1513 1451; x_wconf 82' lang='lat' dir='ltr'>suscripta</span> <span class='ocrx_word' id='word_1_78' title='bbox 1546 1364 1636 1428; x_wconf 92' lang='lat' dir='ltr'>nulla</span> <span class='ocrx_word' id='word_1_79' title='bbox 1667 1365 1709 1428; x_wconf 90' lang='lat' dir='ltr'>sit</span> <span class='ocrx_word' id='word_1_80' title='bbox 1742 1363 1831 1428; x_wconf 84' lang='lat' dir='ltr'>fraus</span> 
     </span>
     <span class='ocr_line' id='line_1_11' title="bbox 1029 1469 1831 1557; baseline 0 -23"><span class='ocrx_word' id='word_1_81' title='bbox 1029 1471 1188 1557; x_wconf 88' lang='lat' dir='ltr'>inpressa,</span> <span class='ocrx_word' id='word_1_82' title='bbox 1220 1471 1280 1535; x_wconf 87' lang='lat' dir='ltr'>sed</span> <span class='ocrx_word' id='word_1_83' title='bbox 1302 1471 1481 1537; x_wconf 88' lang='lat' dir='ltr'>secundum</span> <span class='ocrx_word' id='word_1_84' title='bbox 1504 1469 1706 1535; x_wconf 87' lang='lat' dir='ltr'>voluntatem</span> <span class='ocrx_word' id='word_1_85' title='bbox 1728 1471 1831 1556; x_wconf 89' lang='lat' dir='ltr'>ipsius</span> 
     </span>
     <span class='ocr_line' id='line_1_12' title="bbox 1030 1576 1833 1664; baseline -0.001 -23"><span class='ocrx_word' id='word_1_86' title='bbox 1030 1577 1207 1642; x_wconf 88' lang='lat' dir='ltr'>conditoris</span> <span class='ocrx_word' id='word_1_87' title='bbox 1242 1576 1402 1642; x_wconf 83' lang='lat' dir='ltr'>habeatur</span> <span class='ocrx_word' id='word_1_88' title='bbox 1436 1577 1637 1664; x_wconf 88' lang='lat' dir='ltr'>conscripta,</span> <span class='ocrx_word' id='word_1_89' title='bbox 1678 1587 1710 1640; x_wconf 91' lang='lat' dir='ltr'>et</span> <span class='ocrx_word' id='word_1_90' title='bbox 1745 1576 1833 1663; x_wconf 91' lang='lat' dir='ltr'>quod</span> 
     </span>
     <span class='ocr_line' id='line_1_13' title="bbox 1030 1683 1831 1771; baseline -0.001 -23"><span class='ocrx_word' id='word_1_91' title='bbox 1030 1683 1071 1748; x_wconf 87' lang='lat' dir='ltr'>ab</span> <span class='ocrx_word' id='word_1_92' title='bbox 1107 1707 1163 1768; x_wconf 91' lang='lat' dir='ltr'>eo,</span> <span class='ocrx_word' id='word_1_93' title='bbox 1199 1685 1255 1771; x_wconf 92' lang='lat' dir='ltr'>qui</span> <span class='ocrx_word' id='word_1_94' title='bbox 1290 1707 1363 1749; x_wconf 86' lang='lat' dir='ltr'>eam</span> <span class='ocrx_word' id='word_1_95' title='bbox 1398 1684 1539 1750; x_wconf 87' lang='lat' dir='ltr'>condere</span> <span class='ocrx_word' id='word_1_96' title='bbox 1575 1684 1695 1766; x_wconf 89' lang='lat' dir='ltr'>voluit,</span> <span class='ocrx_word' id='word_1_97' title='bbox 1734 1685 1831 1769; x_wconf 90' lang='lat' dir='ltr'>rogiti</span> 
     </span>
     <span class='ocr_line' id='line_1_14' title="bbox 1030 1791 1830 1878; baseline -0.003 -22"><span class='ocrx_word' id='word_1_98' title='bbox 1030 1793 1223 1874; x_wconf 85' lang='lat' dir='ltr'>extitissent,</span> <span class='ocrx_word' id='word_1_99' title='bbox 1247 1803 1284 1856; x_wconf 90' lang='lat' dir='ltr'>ut</span> <span class='ocrx_word' id='word_1_100' title='bbox 1306 1793 1341 1856; x_wconf 91' lang='lat' dir='ltr'>in</span> <span class='ocrx_word' id='word_1_101' title='bbox 1364 1791 1478 1856; x_wconf 89' lang='lat' dir='ltr'>eadem</span> <span class='ocrx_word' id='word_1_102' title='bbox 1504 1793 1668 1878; x_wconf 90' lang='lat' dir='ltr'>scriptura</span> <span class='ocrx_word' id='word_1_103' title='bbox 1691 1791 1830 1876; x_wconf 88' lang='lat' dir='ltr'>suscrip-</span> 
     </span>
     <span class='ocr_line' id='line_1_15' title="bbox 1028 1897 1830 1964; baseline -0.005 -1"><span class='ocrx_word' id='word_1_104' title='bbox 1028 1909 1115 1964; x_wconf 88' lang='lat' dir='ltr'>tores</span> <span class='ocrx_word' id='word_1_105' title='bbox 1144 1898 1339 1964; x_wconf 84' lang='lat' dir='ltr'>accederent</span> <span class='ocrx_word' id='word_1_106' title='bbox 1374 1909 1406 1962; x_wconf 92' lang='lat' dir='ltr'>et</span> <span class='ocrx_word' id='word_1_107' title='bbox 1436 1899 1480 1963; x_wconf 90' lang='lat' dir='ltr'>ad</span> <span class='ocrx_word' id='word_1_108' title='bbox 1508 1899 1616 1963; x_wconf 82' lang='lat' dir='ltr'>vicem</span> <span class='ocrx_word' id='word_1_109' title='bbox 1654 1897 1830 1962; x_wconf 88' lang='lat' dir='ltr'>conditoris</span> 
     </span>
     <span class='ocr_line' id='line_1_16' title="bbox 1029 2004 1830 2091; baseline -0.005 -21"><span class='ocrx_word' id='word_1_110' title='bbox 1029 2028 1102 2070; x_wconf 90' lang='lat' dir='ltr'>eam</span> <span class='ocrx_word' id='word_1_111' title='bbox 1137 2004 1280 2091; x_wconf 82' lang='lat' dir='ltr'>legitime</span> <span class='ocrx_word' id='word_1_112' title='bbox 1316 2005 1516 2071; x_wconf 88' lang='lat' dir='ltr'>roborarent.</span> <span class='ocrx_word' id='word_1_113' title='bbox 1575 2004 1636 2069; x_wconf 83' lang='lat' dir='ltr'>llla</span> <span class='ocrx_word' id='word_1_114' title='bbox 1667 2026 1745 2069; x_wconf 87' lang='lat' dir='ltr'>vero</span> <span class='ocrx_word' id='word_1_115' title='bbox 1775 2027 1830 2067; x_wconf 86' lang='lat' dir='ltr'>vo-</span> 
     </span>
     <span class='ocr_line' id='line_1_17' title="bbox 1028 2111 1831 2200; baseline -0.002 -24"><span class='ocrx_word' id='word_1_116' title='bbox 1028 2111 1135 2177; x_wconf 85' lang='lat' dir='ltr'>luntas</span> <span class='ocrx_word' id='word_1_117' title='bbox 1166 2112 1329 2196; x_wconf 84' lang='lat' dir='ltr'>defuncti,</span> <span class='ocrx_word' id='word_1_118' title='bbox 1361 2135 1424 2200; x_wconf 91' lang='lat' dir='ltr'>que</span> <span class='ocrx_word' id='word_1_119' title='bbox 1455 2113 1541 2177; x_wconf 91' lang='lat' dir='ltr'>iusta</span> <span class='ocrx_word' id='word_1_120' title='bbox 1571 2113 1678 2198; x_wconf 91' lang='lat' dir='ltr'>quarti</span> <span class='ocrx_word' id='word_1_121' title='bbox 1709 2111 1831 2176; x_wconf 85' lang='lat' dir='ltr'>ordinis</span> 
     </span>
     <span class='ocr_line' id='line_1_18' title="bbox 1028 2213 1830 2303; baseline -0.004 -19"><span class='ocrx_word' id='word_1_122' title='bbox 1028 2213 1161 2284; x_wconf 90' lang='lat' dir='ltr'>modum</span> <span class='ocrx_word' id='word_1_123' title='bbox 1198 2218 1309 2284; x_wconf 88' lang='lat' dir='ltr'>verbis</span> <span class='ocrx_word' id='word_1_124' title='bbox 1347 2219 1570 2283; x_wconf 90' lang='lat' dir='ltr'>tantummodo</span> <span class='ocrx_word' id='word_1_125' title='bbox 1609 2240 1720 2282; x_wconf 88' lang='lat' dir='ltr'>coram</span> <span class='ocrx_word' id='word_1_126' title='bbox 1757 2239 1830 2303; x_wconf 91' lang='lat' dir='ltr'>pro-</span> 
     </span>
     <span class='ocr_line' id='line_1_19' title="bbox 1028 2325 1830 2413; baseline -0.002 -23"><span class='ocrx_word' id='word_1_127' title='bbox 1028 2325 1160 2392; x_wconf 89' lang='lat' dir='ltr'>batione</span> <span class='ocrx_word' id='word_1_128' title='bbox 1195 2325 1400 2413; x_wconf 83' lang='lat' dir='ltr'>promulgata</span> <span class='ocrx_word' id='word_1_129' title='bbox 1430 2325 1586 2413; x_wconf 88' lang='lat' dir='ltr'>patuerit,</span> <span class='ocrx_word' id='word_1_130' title='bbox 1618 2347 1681 2412; x_wconf 90' lang='lat' dir='ltr'>que</span> <span class='ocrx_word' id='word_1_131' title='bbox 1712 2340 1830 2389; x_wconf 80' lang='lat' dir='ltr'>instante</span> 
     </span>
     <span class='ocr_line' id='line_1_20' title="bbox 1029 2442 1830 2515; baseline -0.005 -17"><span class='ocrx_word' id='word_1_132' title='bbox 1029 2463 1203 2515; x_wconf 88' lang='lat' dir='ltr'>quocumque</span> <span class='ocrx_word' id='word_1_133' title='bbox 1234 2442 1399 2514; x_wconf 79' lang='lat' dir='ltr'>periculo**</span> <span class='ocrx_word' id='word_1_134' title='bbox 1431 2448 1567 2498; x_wconf 79' lang='lat' dir='ltr'>conscribi</span> <span class='ocrx_word' id='word_1_135' title='bbox 1598 2447 1766 2511; x_wconf 85' lang='lat' dir='ltr'>nequiverit,</span> <span class='ocrx_word' id='word_1_136' title='bbox 1798 2442 1830 2495; x_wconf 75' lang='lat' dir='ltr'>et</span> 
     </span>
    </p>

    <p class='ocr_par' dir='ltr' id='par_1_3' title="bbox 1028 2538 1912 2627">
     <span class='ocr_line' id='line_1_21' title="bbox 1028 2538 1912 2627; baseline -0.005 -22"><span class='ocrx_word' id='word_1_137' title='bbox 1028 2551 1138 2606; x_wconf 90' lang='lat' dir='ltr'>tamen</span> <span class='ocrx_word' id='word_1_138' title='bbox 1173 2540 1215 2605; x_wconf 91' lang='lat' dir='ltr'>ab</span> <span class='ocrx_word' id='word_1_139' title='bbox 1252 2563 1306 2622; x_wconf 92' lang='lat' dir='ltr'>eo,</span> <span class='ocrx_word' id='word_1_140' title='bbox 1342 2541 1399 2627; x_wconf 91' lang='lat' dir='ltr'>qui</span> <span class='ocrx_word' id='word_1_141' title='bbox 1434 2540 1578 2621; x_wconf 87' lang='lat' dir='ltr'>moritur,</span> <span class='ocrx_word' id='word_1_142' title='bbox 1613 2539 1703 2603; x_wconf 85' lang='lat' dir='ltr'>iussa</span> <span class='ocrx_word' id='word_1_143' title='bbox 1732 2538 1829 2602; x_wconf 84' lang='lat' dir='ltr'>fuerit</span> <span class='ocrx_word' id='word_1_144' title='bbox 1909 2569 1912 2574; x_wconf 95' lang='lat'>·</span> 
     </span>
    </p>

    <p class='ocr_par' dir='ltr' id='par_1_4' title="bbox 958 2642 1829 4117">
     <span class='ocr_line' id='line_1_22' title="bbox 1028 2642 1828 2734; baseline -0.005 -22"><span class='ocrx_word' id='word_1_145' title='bbox 1028 2646 1165 2734; x_wconf 87' lang='lat' dir='ltr'>alligari,</span> <span class='ocrx_word' id='word_1_146' title='bbox 1190 2658 1267 2712; x_wconf 94' lang='lat' dir='ltr'>tuuc</span> <span class='ocrx_word' id='word_1_147' title='bbox 1291 2647 1391 2712; x_wconf 91' lang='lat' dir='ltr'>robur</span> <span class='ocrx_word' id='word_1_148' title='bbox 1413 2647 1635 2733; x_wconf 89' lang='lat' dir='ltr'>plenissimum</span> <span class='ocrx_word' id='word_1_149' title='bbox 1659 2642 1828 2725; x_wconf 89' lang='lat' dir='ltr'>obtinebit,</span> 
     </span>
     <span class='ocr_line' id='line_1_23' title="bbox 1028 2751 1829 2841; baseline -0.006 -21"><span class='ocrx_word' id='word_1_150' title='bbox 1028 2757 1056 2820; x_wconf 90' lang='lat' dir='ltr'>si</span> <span class='ocrx_word' id='word_1_151' title='bbox 1079 2765 1178 2820; x_wconf 90' lang='lat' dir='ltr'>testes</span> <span class='ocrx_word' id='word_1_152' title='bbox 1202 2755 1275 2841; x_wconf 88' lang='lat' dir='ltr'>ipsi,</span> <span class='ocrx_word' id='word_1_153' title='bbox 1300 2754 1356 2841; x_wconf 92' lang='lat' dir='ltr'>qui</span> <span class='ocrx_word' id='word_1_154' title='bbox 1379 2753 1441 2818; x_wconf 92' lang='lat' dir='ltr'>hoc</span> <span class='ocrx_word' id='word_1_155' title='bbox 1465 2751 1637 2834; x_wconf 86' lang='lat' dir='ltr'>audierint,</span> <span class='ocrx_word' id='word_1_156' title='bbox 1669 2762 1701 2816; x_wconf 88' lang='lat' dir='ltr'>et</span> <span class='ocrx_word' id='word_1_157' title='bbox 1723 2753 1829 2836; x_wconf 86' lang='lat' dir='ltr'>rogati</span> 
     </span>
     <span class='ocr_line' id='line_1_24' title="bbox 1027 2862 1828 2944; baseline -0.007 -17"><span class='ocrx_word' id='word_1_158' title='bbox 1027 2885 1048 2927; x_wconf 84' lang='lat' dir='ltr'>a</span> <span class='ocrx_word' id='word_1_159' title='bbox 1081 2862 1248 2926; x_wconf 82' lang='lat' dir='ltr'>conditore</span> <span class='ocrx_word' id='word_1_160' title='bbox 1284 2862 1467 2944; x_wconf 79' lang='lat' dir='ltr'>extiterint,</span> <span class='ocrx_word' id='word_1_161' title='bbox 1502 2874 1573 2924; x_wconf 84' lang='lat' dir='ltr'>infra</span> <span class='ocrx_word' id='word_1_162' title='bbox 1604 2889 1652 2923; x_wconf 85' lang='lat' dir='ltr'>sex</span> <span class='ocrx_word' id='word_1_163' title='bbox 1687 2888 1828 2923; x_wconf 89' lang='lat' dir='ltr'>mensuum</span> 
     </span>
     <span class='ocr_line' id='line_1_25' title="bbox 1026 2964 1828 3055; baseline -0.006 -21"><span class='ocrx_word' id='word_1_164' title='bbox 1026 2985 1160 3050; x_wconf 81' lang='lat' dir='ltr'>spatium,</span> <span class='ocrx_word' id='word_1_165' title='bbox 1194 2968 1272 3051; x_wconf 87' lang='lat' dir='ltr'>hoc,</span> <span class='ocrx_word' id='word_1_166' title='bbox 1308 2967 1396 3055; x_wconf 92' lang='lat' dir='ltr'>quod</span> <span class='ocrx_word' id='word_1_167' title='bbox 1431 2969 1611 3032; x_wconf 90' lang='lat' dir='ltr'>iniunctum</span> <span class='ocrx_word' id='word_1_168' title='bbox 1644 2964 1828 3046; x_wconf 89' lang='lat' dir='ltr'>habuerint,</span> 
     </span>
     <span class='ocr_line' id='line_1_26' title="bbox 1026 3087 1828 3154; baseline -0.006 -12"><span class='ocrx_word' id='word_1_169' title='bbox 1026 3108 1076 3142; x_wconf 88' lang='lat' dir='ltr'>sua</span> <span class='ocrx_word' id='word_1_170' title='bbox 1095 3107 1187 3142; x_wconf 85' lang='lat' dir='ltr'>coram</span> <span class='ocrx_word' id='word_1_171' title='bbox 1205 3090 1297 3140; x_wconf 87' lang='lat' dir='ltr'>iudice</span> <span class='ocrx_word' id='word_1_172' title='bbox 1317 3091 1453 3140; x_wconf 86' lang='lat' dir='ltr'>iuratione</span> <span class='ocrx_word' id='word_1_173' title='bbox 1474 3087 1633 3138; x_wconf 78' lang='lat' dir='ltr'>confirment</span> <span class='ocrx_word' id='word_1_174' title='bbox 1651 3087 1828 3154; x_wconf 86' lang='lat' dir='ltr'>eiusdemque</span> 
     </span>
     <span class='ocr_line' id='line_1_27' title="bbox 1027 3194 1828 3260; baseline -0.009 -11"><span class='ocrx_word' id='word_1_175' title='bbox 1027 3200 1172 3249; x_wconf 88' lang='lat' dir='ltr'>iuramenti</span> <span class='ocrx_word' id='word_1_176' title='bbox 1204 3198 1389 3248; x_wconf 88' lang='lat' dir='ltr'>conditionem</span> <span class='ocrx_word' id='word_1_177' title='bbox 1420 3203 1475 3248; x_wconf 85' lang='lat' dir='ltr'>tam</span> <span class='ocrx_word' id='word_1_178' title='bbox 1507 3211 1572 3255; x_wconf 89' lang='lat' dir='ltr'>sua,</span> <span class='ocrx_word' id='word_1_179' title='bbox 1605 3210 1687 3260; x_wconf 79' lang='lat' dir='ltr'>quam</span> <span class='ocrx_word' id='word_1_180' title='bbox 1718 3194 1828 3243; x_wconf 89' lang='lat' dir='ltr'>testium</span> 
     </span>
     <span class='ocr_line' id='line_1_28' title="bbox 1026 3301 1828 3369; baseline -0.007 -13"><span class='ocrx_word' id='word_1_181' title='bbox 1026 3321 1108 3356; x_wconf 89' lang='lat' dir='ltr'>manu</span> <span class='ocrx_word' id='word_1_182' title='bbox 1129 3305 1315 3356; x_wconf 87' lang='lat' dir='ltr'>corroborent.</span> <span class='ocrx_word' id='word_1_183' title='bbox 1353 3305 1480 3369; x_wconf 88' lang='lat' dir='ltr'>Dumque</span> <span class='ocrx_word' id='word_1_184' title='bbox 1499 3302 1549 3352; x_wconf 87' lang='lat' dir='ltr'>hec</span> <span class='ocrx_word' id='word_1_185' title='bbox 1576 3318 1618 3352; x_wconf 88' lang='lat' dir='ltr'>res</span> <span class='ocrx_word' id='word_1_186' title='bbox 1645 3301 1756 3367; x_wconf 88' lang='lat' dir='ltr'>plenum</span> <span class='ocrx_word' id='word_1_187' title='bbox 1782 3317 1828 3350; x_wconf 88' lang='lat' dir='ltr'>ve-</span> 
     </span>
     <span class='ocr_line' id='line_1_29' title="bbox 958 3407 1827 3476; baseline -0.006 -14"><span class='ocrx_word' id='word_1_188' title='bbox 958 3423 961 3433; x_wconf 86' lang='lat'>&#39;</span> <span class='ocrx_word' id='word_1_189' title='bbox 1026 3414 1097 3464; x_wconf 91' lang='lat' dir='ltr'>nerit</span> <span class='ocrx_word' id='word_1_190' title='bbox 1116 3414 1145 3463; x_wconf 91' lang='lat' dir='ltr'>in</span> <span class='ocrx_word' id='word_1_191' title='bbox 1164 3413 1300 3472; x_wconf 80' lang='lat' dir='ltr'>effectum,</span> <span class='ocrx_word' id='word_1_192' title='bbox 1325 3427 1375 3476; x_wconf 92' lang='lat' dir='ltr'>pro</span> <span class='ocrx_word' id='word_1_193' title='bbox 1401 3410 1533 3461; x_wconf 86' lang='lat' dir='ltr'>instantia</span> <span class='ocrx_word' id='word_1_194' title='bbox 1559 3409 1601 3459; x_wconf 90' lang='lat' dir='ltr'>sui</span> <span class='ocrx_word' id='word_1_195' title='bbox 1628 3407 1729 3459; x_wconf 89' lang='lat' dir='ltr'>laboris</span> <span class='ocrx_word' id='word_1_196' title='bbox 1755 3407 1827 3458; x_wconf 88' lang='lat' dir='ltr'>idem</span> 
     </span>
     <span class='ocr_line' id='line_1_30' title="bbox 1025 3516 1828 3584; baseline -0.009 -13"><span class='ocrx_word' id='word_1_197' title='bbox 1025 3525 1109 3571; x_wconf 86' lang='lat' dir='ltr'>testes</span> <span class='ocrx_word' id='word_1_198' title='bbox 1130 3536 1162 3570; x_wconf 86' lang='lat' dir='ltr'>ex</span> <span class='ocrx_word' id='word_1_199' title='bbox 1176 3520 1298 3570; x_wconf 86' lang='lat' dir='ltr'>defuncti</span> <span class='ocrx_word' id='word_1_200' title='bbox 1318 3519 1397 3570; x_wconf 89' lang='lat' dir='ltr'>bonis</span> <span class='ocrx_word' id='word_1_201' title='bbox 1410 3519 1547 3568; x_wconf 87' lang='lat' dir='ltr'>tricesime</span> <span class='ocrx_word' id='word_1_202' title='bbox 1561 3518 1678 3584; x_wconf 88' lang='lat' dir='ltr'>pretium</span> <span class='ocrx_word' id='word_1_203' title='bbox 1692 3516 1828 3582; x_wconf 83' lang='lat' dir='ltr'>portionis</span> 
     </span>
     <span class='ocr_line' id='line_1_31' title="bbox 1026 3624 1828 3693; baseline -0.007 -16"><span class='ocrx_word' id='word_1_204' title='bbox 1026 3627 1228 3693; x_wconf 86' lang='lat' dir='ltr'>prosequantur</span> <span class='ocrx_word' id='word_1_205' title='bbox 1251 3627 1278 3677; x_wconf 93' lang='lat' dir='ltr'>iu</span> <span class='ocrx_word' id='word_1_206' title='bbox 1305 3624 1371 3675; x_wconf 78' lang='lat' dir='ltr'>solis</span> <span class='ocrx_word' id='word_1_207' title='bbox 1397 3624 1586 3676; x_wconf 88' lang='lat' dir='ltr'>tautummodo</span> <span class='ocrx_word' id='word_1_208' title='bbox 1614 3625 1744 3684; x_wconf 74' lang='lat' dir='ltr'>nummis,</span> <span class='ocrx_word' id='word_1_209' title='bbox 1771 3637 1828 3672; x_wconf 86' lang='lat' dir='ltr'>car·</span> 
     </span>
     <span class='ocr_line' id='line_1_32' title="bbox 1026 3729 1826 3784; baseline -0.006 0"><span class='ocrx_word' id='word_1_210' title='bbox 1026 3740 1114 3784; x_wconf 85' lang='lat' dir='ltr'>tarum</span> <span class='ocrx_word' id='word_1_211' title='bbox 1143 3734 1331 3784; x_wconf 85' lang='lat' dir='ltr'>instrumentis</span> <span class='ocrx_word' id='word_1_212' title='bbox 1359 3740 1387 3783; x_wconf 89' lang='lat' dir='ltr'>et</span> <span class='ocrx_word' id='word_1_213' title='bbox 1414 3730 1545 3782; x_wconf 89' lang='lat' dir='ltr'>librorum</span> <span class='ocrx_word' id='word_1_214' title='bbox 1571 3729 1757 3780; x_wconf 87' lang='lat' dir='ltr'>voluminibus</span> <span class='ocrx_word' id='word_1_215' title='bbox 1785 3745 1826 3780; x_wconf 87' lang='lat' dir='ltr'>se-</span> 
     </span>
     <span class='ocr_line' id='line_1_33' title="bbox 1026 3837 1827 3907; baseline -0.009 -15"><span class='ocrx_word' id='word_1_216' title='bbox 1026 3843 1181 3907; x_wconf 85' lang='lat' dir='ltr'>questratis,</span> <span class='ocrx_word' id='word_1_217' title='bbox 1207 3856 1260 3906; x_wconf 92' lang='lat' dir='ltr'>que</span> <span class='ocrx_word' id='word_1_218' title='bbox 1281 3839 1457 3906; x_wconf 87' lang='lat' dir='ltr'>pertinebunt</span> <span class='ocrx_word' id='word_1_219' title='bbox 1476 3839 1510 3888; x_wconf 85' lang='lat' dir='ltr'>ad</span> <span class='ocrx_word' id='word_1_220' title='bbox 1533 3837 1647 3888; x_wconf 90' lang='lat' dir='ltr'>heredes</span> <span class='ocrx_word' id='word_1_221' title='bbox 1669 3837 1827 3902; x_wconf 83' lang='lat' dir='ltr'>integritate</span> 
     </span>
     <span class='ocr_line' id='line_1_34' title="bbox 1026 3946 1826 4009; baseline -0.006 -10"><span class='ocrx_word' id='word_1_222' title='bbox 1026 3949 1217 3999; x_wconf 88' lang='lat' dir='ltr'>successionis.</span> <span class='ocrx_word' id='word_1_223' title='bbox 1262 3947 1316 4009; x_wconf 87' lang='lat' dir='ltr'>Qui</span> <span class='ocrx_word' id='word_1_224' title='bbox 1343 3951 1428 3996; x_wconf 87' lang='lat' dir='ltr'>testes</span> <span class='ocrx_word' id='word_1_225' title='bbox 1456 3946 1528 3995; x_wconf 81' lang='lat' dir='ltr'>infra</span> <span class='ocrx_word' id='word_1_226' title='bbox 1556 3961 1603 3994; x_wconf 84' lang='lat' dir='ltr'>sex</span> <span class='ocrx_word' id='word_1_227' title='bbox 1631 3960 1737 3995; x_wconf 88' lang='lat' dir='ltr'>menses</span> <span class='ocrx_word' id='word_1_228' title='bbox 1765 3959 1826 4009; x_wconf 88' lang='lat' dir='ltr'>pro·</span> 
     </span>
     <span class='ocr_line' id='line_1_35' title="bbox 1025 4047 1826 4117; baseline -0.007 -12"><span class='ocrx_word' id='word_1_229' title='bbox 1025 4047 1124 4106; x_wconf 81' lang='lat' dir='ltr'>curent</span> <span class='ocrx_word' id='word_1_230' title='bbox 1141 4053 1183 4106; x_wconf 91' lang='lat' dir='ltr'>illi</span> <span class='ocrx_word' id='word_1_231' title='bbox 1201 4055 1373 4112; x_wconf 84' lang='lat' dir='ltr'>denuntiare,</span> <span class='ocrx_word' id='word_1_232' title='bbox 1398 4054 1428 4102; x_wconf 93' lang='lat' dir='ltr'>iu</span> <span class='ocrx_word' id='word_1_233' title='bbox 1448 4055 1527 4102; x_wconf 88' lang='lat' dir='ltr'>cuius</span> <span class='ocrx_word' id='word_1_234' title='bbox 1546 4053 1655 4102; x_wconf 89' lang='lat' dir='ltr'>nomine</span> <span class='ocrx_word' id='word_1_235' title='bbox 1674 4067 1723 4117; x_wconf 92' lang='lat' dir='ltr'>per</span> <span class='ocrx_word' id='word_1_236' title='bbox 1744 4049 1826 4100; x_wconf 86' lang='lat' dir='ltr'>talem</span> 
     </span>
    </p>
   </div>
   <div class='ocr_carea' id='block_1_3' title="bbox 1026 4158 1828 4214">
    <p class='ocr_par' dir='ltr' id='par_1_5' title="bbox 1026 4158 1828 4214">
     <span class='ocr_line' id='line_1_36' title="bbox 1026 4158 1828 4214; baseline -0.007 -1"><span class='ocrx_word' id='word_1_237' title='bbox 1026 4163 1226 4214; x_wconf 88' lang='lat' dir='ltr'>ordinationem</span> <span class='ocrx_word' id='word_1_238' title='bbox 1264 4177 1306 4211; x_wconf 88' lang='lat' dir='ltr'>res</span> <span class='ocrx_word' id='word_1_239' title='bbox 1343 4158 1476 4210; x_wconf 85' lang='lat' dir='ltr'>translata</span> <span class='ocrx_word' id='word_1_240' title='bbox 1507 4159 1659 4210; x_wconf 89' lang='lat' dir='ltr'>dinoscitur</span> <span class='ocrx_word' id='word_1_241' title='bbox 1696 4159 1828 4208; x_wconf 84' lang='lat' dir='ltr'>extitisse.</span> 
     </span>
    </p>
   </div>
   <div class='ocr_carea' id='block_1_4' title="bbox 1053 4385 1827 4552">
    <p class='ocr_par' dir='ltr' id='par_1_6' title="bbox 1053 4385 1827 4552">
     <span class='ocr_line' id='line_1_37' title="bbox 1053 4385 1827 4457; baseline -0.001 -18"><span class='ocrx_word' id='word_1_242' title='bbox 1053 4387 1096 4456; x_wconf 82' lang='grc'>**)</span> <span class='ocrx_word' id='word_1_243' title='bbox 1117 4394 1166 4444; x_wconf 80' lang='lat' dir='ltr'>Vs</span> <span class='ocrx_word' id='word_1_244' title='bbox 1185 4393 1261 4446; x_wconf 81' lang='lat' dir='ltr'>add.-</span> <span class='ocrx_word' id='word_1_245' title='bbox 1281 4387 1326 4444; x_wconf 87' lang='lat' dir='ltr'>vel</span> <span class='ocrx_word' id='word_1_246' title='bbox 1343 4387 1460 4442; x_wconf 83' lang='lat' dir='ltr'>forsitan</span> <span class='ocrx_word' id='word_1_247' title='bbox 1477 4387 1613 4457; x_wconf 90' lang='lat' dir='ltr'>cuiusque</span> <span class='ocrx_word' id='word_1_248' title='bbox 1633 4385 1827 4457; x_wconf 84' lang='lat' dir='ltr'>impedimenti</span> 
     </span>
     <span class='ocr_line' id='line_1_38' title="bbox 1115 4489 1719 4552; baseline 0.022 0"><span class='ocrx_word' id='word_1_249' title='bbox 1115 4497 1237 4552; x_wconf 80' lang='lat' dir='ltr'>actione.</span> <span class='ocrx_word' id='word_1_250' title='bbox 1718 4489 1719 4492; x_wconf 8' lang='grc' dir='ltr'><strong>Ἴ</strong></span> 
     </span>
    </p>
   </div>
   <div class='ocr_carea' id='block_1_5' title="bbox 995 4805 1827 4952">
    <p class='ocr_par' dir='ltr' id='par_1_7' title="bbox 995 4805 1827 4952">
     <span class='ocr_line' id='line_1_39' title="bbox 995 4805 1827 4912; baseline -0.01 -47"><span class='ocrx_word' id='word_1_251' title='bbox 995 4808 1001 4912; x_wconf 62' lang='lat'>1</span> <span class='ocrx_word' id='word_1_252' title='bbox 1080 4814 1115 4874; x_wconf 92' lang='lat'>11,</span> <span class='ocrx_word' id='word_1_253' title='bbox 1135 4815 1160 4873; x_wconf 80' lang='lat'>5,</span> <span class='ocrx_word' id='word_1_254' title='bbox 1181 4813 1222 4864; x_wconf 90' lang='grc'>12.</span> <span class='ocrx_word' id='word_1_255' title='bbox 1266 4811 1283 4862; x_wconf 85' lang='lat' dir='ltr'>l.</span> <span class='ocrx_word' id='word_1_256' title='bbox 1303 4813 1328 4862; x_wconf 83' lang='lat'>8.</span> <span class='ocrx_word' id='word_1_257' title='bbox 1356 4805 1438 4874; x_wconf 88' lang='lat' dir='ltr'>omni]</span> <span class='ocrx_word' id='word_1_258' title='bbox 1464 4811 1545 4860; x_wconf 88' lang='lat' dir='ltr'>modo</span> <span class='ocrx_word' id='word_1_259' title='bbox 1569 4807 1631 4859; x_wconf 73' lang='lat' dir='ltr'>aad.</span> <span class='ocrx_word' id='word_1_260' title='bbox 1651 4809 1686 4858; x_wconf 82' lang='lat' dir='ltr'>al.</span> <span class='ocrx_word' id='word_1_261' title='bbox 1705 4825 1737 4857; x_wconf 87' lang='lat' dir='ltr'>m.</span> <span class='ocrx_word' id='word_1_262' title='bbox 1758 4807 1786 4858; x_wconf 85' lang='lat' dir='ltr'><em>E</em></span> <span class='ocrx_word' id='word_1_263' title='bbox 1796 4809 1827 4868; x_wconf 82' lang='grc'>2;</span> 
     </span>
     <span class='ocr_line' id='line_1_40' title="bbox 1027 4895 1827 4952; baseline -0.008 0"><span class='ocrx_word' id='word_1_264' title='bbox 1027 4919 1120 4952; x_wconf 90' lang='lat' dir='ltr'>omnes</span> <span class='ocrx_word' id='word_1_265' title='bbox 1145 4902 1209 4952; x_wconf 80' lang='lat' dir='ltr'>Va.</span> <span class='ocrx_word' id='word_1_266' title='bbox 1264 4901 1417 4950; x_wconf 86' lang='lat' dir='ltr'>habeantur</span> <span class='ocrx_word' id='word_1_267' title='bbox 1436 4899 1460 4948; x_wconf 73' lang='lat' dir='ltr'><strong><em>V</em></strong></span> <span class='ocrx_word' id='word_1_268' title='bbox 1470 4902 1493 4949; x_wconf 93' lang='lat'>1.</span> <span class='ocrx_word' id='word_1_269' title='bbox 1514 4901 1538 4948; x_wconf 94' lang='grc'><strong>2.</strong></span> <span class='ocrx_word' id='word_1_270' title='bbox 1558 4899 1582 4948; x_wconf 81' lang='lat'>4.</span> <span class='ocrx_word' id='word_1_271' title='bbox 1606 4899 1630 4947; x_wconf 85' lang='lat'>5.</span> <span class='ocrx_word' id='word_1_272' title='bbox 1656 4899 1681 4947; x_wconf 84' lang='grc'><strong>6.</strong></span> <span class='ocrx_word' id='word_1_273' title='bbox 1735 4895 1827 4948; x_wconf 88' lang='lat' dir='ltr'>stabili</span> 
     </span>
    </p>
   </div>
   <div class='ocr_carea' id='block_1_6' title="bbox 995 4985 1829 5766">
    <p class='ocr_par' dir='ltr' id='par_1_8' title="bbox 1032 4985 1827 5057">
     <span class='ocr_line' id='line_1_41' title="bbox 1032 4985 1827 5057; baseline -0.006 -17"><span class='ocrx_word' id='word_1_274' title='bbox 1032 4991 1090 5042; x_wconf 82' lang='lat' dir='ltr'>Va.</span> <span class='ocrx_word' id='word_1_275' title='bbox 1115 4990 1123 5052; x_wconf 78' lang='lat' dir='ltr'>ll</span> <span class='ocrx_word' id='word_1_276' title='bbox 1146 4991 1163 5041; x_wconf 95' lang='lat' dir='ltr'>l.</span> <span class='ocrx_word' id='word_1_277' title='bbox 1178 4993 1203 5041; x_wconf 78' lang='grc'><strong>5.</strong></span> <span class='ocrx_word' id='word_1_278' title='bbox 1223 4991 1384 5057; x_wconf 84' lang='lat' dir='ltr'>scripturam</span> <span class='ocrx_word' id='word_1_279' title='bbox 1405 4987 1432 5038; x_wconf 96' lang='grc' dir='ltr'><strong>Ε</strong></span> <span class='ocrx_word' id='word_1_280' title='bbox 1444 4991 1468 5038; x_wconf 96' lang='grc'>1.</span> <span class='ocrx_word' id='word_1_281' title='bbox 1491 4987 1500 5048; x_wconf 93' lang='grc' dir='ltr'>ΙΙ</span> <span class='ocrx_word' id='word_1_282' title='bbox 1523 4989 1539 5038; x_wconf 86' lang='lat' dir='ltr'>l.</span> <span class='ocrx_word' id='word_1_283' title='bbox 1555 4989 1597 5038; x_wconf 84' lang='lat'>10.</span> <span class='ocrx_word' id='word_1_284' title='bbox 1613 4985 1753 5036; x_wconf 86' lang='lat' dir='ltr'>voluntate</span> <span class='ocrx_word' id='word_1_285' title='bbox 1768 4985 1796 5035; x_wconf 91' lang='grc' dir='ltr'><strong>Ε</strong></span> <span class='ocrx_word' id='word_1_286' title='bbox 1803 4989 1827 5036; x_wconf 94' lang='lat'>1.</span> 
     </span>
    </p>

    <p class='ocr_par' dir='ltr' id='par_1_9' title="bbox 996 5071 1829 5406">
     <span class='ocr_line' id='line_1_42' title="bbox 996 5071 1829 5145; baseline -0.008 -14"><span class='ocrx_word' id='word_1_287' title='bbox 996 5089 997 5092; x_wconf 78' lang='grc'>’</span> <span class='ocrx_word' id='word_1_288' title='bbox 1026 5082 1043 5131; x_wconf 90' lang='lat' dir='ltr'>l.</span> <span class='ocrx_word' id='word_1_289' title='bbox 1065 5082 1106 5131; x_wconf 92' lang='grc'>12.</span> <span class='ocrx_word' id='word_1_290' title='bbox 1131 5081 1222 5145; x_wconf 80' lang='lat' dir='ltr'>rogati</span> <span class='ocrx_word' id='word_1_291' title='bbox 1242 5079 1269 5129; x_wconf 75' lang='lat' dir='ltr'>V,</span> <span class='ocrx_word' id='word_1_292' title='bbox 1302 5079 1311 5140; x_wconf 82' lang='grc' dir='ltr'>ΙΙ</span> <span class='ocrx_word' id='word_1_293' title='bbox 1343 5079 1359 5129; x_wconf 91' lang='lat' dir='ltr'>l.</span> <span class='ocrx_word' id='word_1_294' title='bbox 1381 5079 1423 5128; x_wconf 77' lang='grc'>16.</span> <span class='ocrx_word' id='word_1_295' title='bbox 1449 5071 1531 5140; x_wconf 77' lang='lat' dir='ltr'>iusta]</span> <span class='ocrx_word' id='word_1_296' title='bbox 1550 5076 1588 5126; x_wconf 82' lang='lat' dir='ltr'>ite</span> <span class='ocrx_word' id='word_1_297' title='bbox 1608 5072 1652 5136; x_wconf 90' lang='lat'>(=</span> <span class='ocrx_word' id='word_1_298' title='bbox 1673 5071 1761 5139; x_wconf 83' lang='lat' dir='ltr'>iuxta)</span> <span class='ocrx_word' id='word_1_299' title='bbox 1787 5074 1829 5136; x_wconf 80' lang='lat' dir='ltr'>E,-</span> 
     </span>
     <span class='ocr_line' id='line_1_43' title="bbox 1027 5158 1826 5235; baseline -0.006 -15"><span class='ocrx_word' id='word_1_300' title='bbox 1027 5171 1103 5220; x_wconf 87' lang='lat' dir='ltr'>iuxta</span> <span class='ocrx_word' id='word_1_301' title='bbox 1116 5169 1144 5218; x_wconf 87' lang='lat' dir='ltr'>V.</span> <span class='ocrx_word' id='word_1_302' title='bbox 1168 5168 1177 5230; x_wconf 88' lang='grc' dir='ltr'>ΙΙ</span> <span class='ocrx_word' id='word_1_303' title='bbox 1199 5168 1217 5220; x_wconf 84' lang='lat'>1.</span> <span class='ocrx_word' id='word_1_304' title='bbox 1232 5171 1272 5219; x_wconf 76' lang='lat'>17.</span> <span class='ocrx_word' id='word_1_305' title='bbox 1291 5168 1482 5235; x_wconf 85' lang='lat' dir='ltr'>probationem</span> <span class='ocrx_word' id='word_1_306' title='bbox 1497 5165 1555 5216; x_wconf 91' lang='grc' dir='ltr'><strong>Ε2.</strong></span> <span class='ocrx_word' id='word_1_307' title='bbox 1578 5163 1587 5224; x_wconf 81' lang='lat' dir='ltr'>ll</span> <span class='ocrx_word' id='word_1_308' title='bbox 1610 5158 1826 5228; x_wconf 65' lang='lat' dir='ltr'>truncatur]</span> 
     </span>
     <span class='ocr_line' id='line_1_44' title="bbox 1026 5249 1827 5317; baseline -0.006 -9"><span class='ocrx_word' id='word_1_309' title='bbox 1026 5260 1175 5310; x_wconf 89' lang='lat' dir='ltr'>moriturus</span> <span class='ocrx_word' id='word_1_310' title='bbox 1194 5265 1236 5308; x_wconf 89' lang='lat' dir='ltr'>est</span> <span class='ocrx_word' id='word_1_311' title='bbox 1255 5257 1312 5307; x_wconf 81' lang='lat' dir='ltr'>Vs.</span> <span class='ocrx_word' id='word_1_312' title='bbox 1342 5254 1351 5316; x_wconf 89' lang='grc' dir='ltr'>ΙΙ</span> <span class='ocrx_word' id='word_1_313' title='bbox 1381 5257 1398 5309; x_wconf 86' lang='lat' dir='ltr'>l.</span> <span class='ocrx_word' id='word_1_314' title='bbox 1413 5257 1456 5306; x_wconf 87' lang='grc'><strong>23.</strong></span> <span class='ocrx_word' id='word_1_315' title='bbox 1478 5249 1629 5317; x_wconf 88' lang='lat' dir='ltr'>mensuum]</span> <span class='ocrx_word' id='word_1_316' title='bbox 1648 5254 1780 5306; x_wconf 85' lang='lat' dir='ltr'>meusium</span> <span class='ocrx_word' id='word_1_317' title='bbox 1799 5252 1827 5303; x_wconf 80' lang='lat' dir='ltr'>V.</span> 
     </span>
     <span class='ocr_line' id='line_1_45' title="bbox 1026 5331 1826 5406; baseline -0.006 -7"><span class='ocrx_word' id='word_1_318' title='bbox 1026 5349 1042 5399; x_wconf 92' lang='lat' dir='ltr'>l.</span> <span class='ocrx_word' id='word_1_319' title='bbox 1054 5348 1097 5399; x_wconf 79' lang='grc'><strong>27.</strong></span> <span class='ocrx_word' id='word_1_320' title='bbox 1115 5348 1300 5398; x_wconf 89' lang='lat' dir='ltr'>conroborent</span> <span class='ocrx_word' id='word_1_321' title='bbox 1312 5345 1345 5395; x_wconf 85' lang='lat' dir='ltr'>E.</span> <span class='ocrx_word' id='word_1_322' title='bbox 1369 5343 1377 5404; x_wconf 83' lang='grc' dir='ltr'>Ι]</span> <span class='ocrx_word' id='word_1_323' title='bbox 1400 5346 1417 5395; x_wconf 86' lang='lat' dir='ltr'>l.</span> <span class='ocrx_word' id='word_1_324' title='bbox 1428 5345 1470 5394; x_wconf 87' lang='grc'>29.</span> <span class='ocrx_word' id='word_1_325' title='bbox 1483 5337 1578 5406; x_wconf 87' lang='lat' dir='ltr'>testes]</span> <span class='ocrx_word' id='word_1_326' title='bbox 1591 5343 1630 5393; x_wconf 78' lang='lat' dir='ltr'>ita</span> <span class='ocrx_word' id='word_1_327' title='bbox 1642 5341 1674 5392; x_wconf 87' lang='grc' dir='ltr'>Ε.</span> <span class='ocrx_word' id='word_1_328' title='bbox 1684 5331 1743 5392; x_wconf 74' lang='lat' dir='ltr'>Vl.</span> <span class='ocrx_word' id='word_1_329' title='bbox 1757 5343 1781 5394; x_wconf 85' lang='lat'>2.</span> <span class='ocrx_word' id='word_1_330' title='bbox 1795 5343 1826 5402; x_wconf 72' lang='grc' dir='ltr'>ὃς</span> 
     </span>
    </p>

    <p class='ocr_par' dir='ltr' id='par_1_10' title="bbox 995 5430 1826 5500">
     <span class='ocr_line' id='line_1_46' title="bbox 995 5430 1826 5500; baseline -0.007 -12"><span class='ocrx_word' id='word_1_331' title='bbox 995 5495 996 5498; x_wconf 10' lang='lat'>¹</span> <span class='ocrx_word' id='word_1_332' title='bbox 1026 5438 1106 5488; x_wconf 86' lang='lat' dir='ltr'>testis</span> <span class='ocrx_word' id='word_1_333' title='bbox 1136 5445 1190 5488; x_wconf 80' lang='lat' dir='ltr'>cett.</span> <span class='ocrx_word' id='word_1_334' title='bbox 1257 5436 1417 5486; x_wconf 87' lang='lat' dir='ltr'>trecesimae</span> <span class='ocrx_word' id='word_1_335' title='bbox 1449 5435 1530 5500; x_wconf 89' lang='lat' dir='ltr'>pretii</span> <span class='ocrx_word' id='word_1_336' title='bbox 1562 5433 1715 5499; x_wconf 86' lang='lat' dir='ltr'>portionem</span> <span class='ocrx_word' id='word_1_337' title='bbox 1746 5430 1774 5482; x_wconf 90' lang='grc' dir='ltr'><strong>Ε</strong></span> <span class='ocrx_word' id='word_1_338' title='bbox 1799 5433 1826 5490; x_wconf 86' lang='grc'>1;</span> 
     </span>
    </p>

    <p class='ocr_par' dir='ltr' id='par_1_11' title="bbox 995 5520 1827 5766">
     <span class='ocr_line' id='line_1_47' title="bbox 995 5520 1827 5591; baseline -0.008 -14"><span class='ocrx_word' id='word_1_339' title='bbox 995 5541 996 5546; x_wconf 74' lang='grc'>’</span> <span class='ocrx_word' id='word_1_340' title='bbox 1025 5527 1165 5591; x_wconf 82' lang='lat' dir='ltr'>trigesime</span> <span class='ocrx_word' id='word_1_341' title='bbox 1182 5526 1236 5575; x_wconf 83' lang='lat' dir='ltr'>Vl.</span> <span class='ocrx_word' id='word_1_342' title='bbox 1252 5527 1277 5575; x_wconf 83' lang='lat'>2.</span> <span class='ocrx_word' id='word_1_343' title='bbox 1292 5525 1317 5574; x_wconf 84' lang='grc'><strong>6.</strong></span> <span class='ocrx_word' id='word_1_344' title='bbox 1340 5523 1349 5584; x_wconf 81' lang='lat' dir='ltr'>ll</span> <span class='ocrx_word' id='word_1_345' title='bbox 1372 5524 1389 5573; x_wconf 90' lang='lat' dir='ltr'>l.</span> <span class='ocrx_word' id='word_1_346' title='bbox 1404 5525 1445 5574; x_wconf 84' lang='lat'>30.</span> <span class='ocrx_word' id='word_1_347' title='bbox 1465 5527 1647 5589; x_wconf 86' lang='lat' dir='ltr'>prosequatur</span> <span class='ocrx_word' id='word_1_348' title='bbox 1666 5520 1698 5570; x_wconf 86' lang='lat' dir='ltr'>E.</span> <span class='ocrx_word' id='word_1_349' title='bbox 1718 5520 1775 5570; x_wconf 60' lang='lat'>1³³.</span> <span class='ocrx_word' id='word_1_350' title='bbox 1795 5523 1827 5580; x_wconf 72' lang='lat'>43</span> 
     </span>
     <span class='ocr_line' id='line_1_48' title="bbox 1027 5609 1826 5680; baseline -0.01 -15"><span class='ocrx_word' id='word_1_351' title='bbox 1027 5621 1231 5680; x_wconf 88' lang='lat' dir='ltr'>cousequantur</span> <span class='ocrx_word' id='word_1_352' title='bbox 1251 5614 1315 5676; x_wconf 78' lang='lat'>1⁷23</span> <span class='ocrx_word' id='word_1_353' title='bbox 1336 5619 1524 5677; x_wconf 86' lang='lat' dir='ltr'>consequatur</span> <span class='ocrx_word' id='word_1_354' title='bbox 1542 5612 1599 5661; x_wconf 74' lang='lat' dir='ltr'>Vr.</span> <span class='ocrx_word' id='word_1_355' title='bbox 1640 5611 1668 5660; x_wconf 91' lang='lat' dir='ltr'>in</span> <span class='ocrx_word' id='word_1_356' title='bbox 1686 5609 1752 5659; x_wconf 70' lang='lat' dir='ltr'>risen</span> <span class='ocrx_word' id='word_1_357' title='bbox 1770 5609 1826 5659; x_wconf 84' lang='grc'><strong>1·’2.</strong></span> 
     </span>
     <span class='ocr_line' id='line_1_49' title="bbox 1025 5698 1685 5766; baseline -0.008 -12"><span class='ocrx_word' id='word_1_358' title='bbox 1025 5698 1103 5766; x_wconf 92' lang='lat' dir='ltr'>solis]</span> <span class='ocrx_word' id='word_1_359' title='bbox 1124 5703 1220 5755; x_wconf 89' lang='lat' dir='ltr'>solidis</span> <span class='ocrx_word' id='word_1_360' title='bbox 1240 5702 1267 5753; x_wconf 89' lang='lat' dir='ltr'><em>E</em></span> <span class='ocrx_word' id='word_1_361' title='bbox 1279 5704 1301 5751; x_wconf 95' lang='lat' dir='ltr'>l.</span> <span class='ocrx_word' id='word_1_362' title='bbox 1349 5709 1376 5752; x_wconf 87' lang='lat' dir='ltr'>et</span> <span class='ocrx_word' id='word_1_363' title='bbox 1395 5709 1532 5752; x_wconf 87' lang='lat' dir='ltr'>cartarum</span> <span class='ocrx_word' id='word_1_364' title='bbox 1552 5701 1609 5750; x_wconf 75' lang='lat'>1&#39;2.</span> <span class='ocrx_word' id='word_1_365' title='bbox 1683 5701 1685 5706; x_wconf 81' lang='grc'>’</span> 
     </span>
    </p>
   </div>
   <div class='ocr_carea' id='block_1_7' title="bbox 222 5806 1613 5856">
    <p class='ocr_par' dir='ltr' id='par_1_12' title="bbox 222 5806 1613 5856">
     <span class='ocr_line' id='line_1_50' title="bbox 222 5806 1613 5856; baseline 0.008 -11"><span class='ocrx_word' id='word_1_366' title='bbox 222 5806 266 5850; x_wconf 64' lang='lat' dir='ltr'>lili.</span> <span class='ocrx_word' id='word_1_367' title='bbox 280 5806 340 5849; x_wconf 73' lang='lat' dir='ltr'>fleat</span> <span class='ocrx_word' id='word_1_368' title='bbox 355 5808 373 5849; x_wconf 88' lang='lat' dir='ltr'>t.</span> <span class='ocrx_word' id='word_1_369' title='bbox 402 5806 420 5850; x_wconf 90' lang='lat'>1.</span> <span class='ocrx_word' id='word_1_370' title='bbox 1581 5809 1613 5856; x_wconf 80' lang='lat'>15</span> 
     </span>
    </p>
   </div>
   <div class='ocr_carea' id='block_1_8' title="bbox 0 0 2244 6246">
    <p class='ocr_par' dir='ltr' id='par_1_13' title="bbox 0 0 2244 6246">
     <span class='ocr_line' id='line_1_51' title="bbox 0 0 2244 6246; baseline 0 2"><span class='ocrx_word' id='word_1_371' title='bbox 0 0 2244 6246; x_wconf 95' lang='lat' dir='ltr'> </span> 
     </span>
    </p>
   </div>
  </div>
 </body>
</html>
