4454 6232
475 338 538 400 216
998 343 1078 397 LEX
1100 340 1402 398 VISIGOTHORUM
1425 341 1525 412 v1,5,
1544 341 1595 398 12.

306 541 356 613 Vl,
369 541 397 612 d,
410 539 455 598 12.
475 539 579 611 Boea]
602 527 721 594 babilis
744 529 850 611 fuerit,
874 529 936 594 hoc
960 539 1019 612 est,
1044 539 1076 593 et
1098 551 1158 615 per
1180 530 1267 593 testi·
1322 537 1411 608 Em]
1430 549 1529 603 motus,
1549 544 1612 594 dum
1631 542 1802 610 disciplinam
1820 545 1932 610 ingerit,
1952 559 2120 609 quocumque

473 640 616 704 monium
652 637 706 702 vel
749 638 964 701 iuramentum
1007 659 1174 701 servorum
1216 635 1269 700 vel
1324 651 1380 700 ictu
1406 651 1562 716 percutiens
1587 649 1762 700 homicidium
1787 651 2000 716 perpetraverit,
2028 657 2054 702 et
2079 651 2119 702 vel

473 745 673 827 ancillarum,
706 766 786 831 quos
810 743 994 808 interfuisse
1018 743 1206 826 constiterit,
1238 752 1270 806 et
1324 758 1440 808 testibus
1467 758 1584 822 probare
1616 758 1735 822 potuerit
1762 756 1807 808 vel
1840 765 1916 808 certe
1952 765 2120 808 sacramento

472 875 532 939 per
555 861 792 916 sacramentum
817 851 896 932 eius,
928 851 985 936 qui
1014 848 1092 914 talia
1121 849 1268 934 gesserit.
1323 879 1401 912 suam
1427 863 1621 913 conscientiam
1640 864 1799 929 expiaverit,
1825 862 1947 914 nolendo
1967 863 2022 915 tale
2041 865 2120 916 homi·

472 959 557 1024 Nam
580 959 608 1022 si
631 981 674 1022 ex
697 957 853 1044 disposito
877 956 998 1021 malitie
1022 978 1153 1020 servum
1176 978 1269 1020 suum
1325 969 1426 1020 cittium
1457 970 1640 1030 commisisse,
1678 970 1713 1020 au
1743 971 1823 1020 huius
1855 969 1926 1036 legis
1961 973 2148 1025 sententiares

471 1065 526 1130 vel
549 1064 702 1130 ancillam
729 1087 786 1129 seu
816 1087 875 1150 per
905 1086 939 1128 se
971 1064 1040 1127 sive
1069 1085 1129 1150 per
1159 1084 1268 1148 quem·
1323 1077 1408 1126 teneri
1428 1093 1483 1126 non
1502 1077 1611 1142 poterit.
1642 1077 1833 1128 Verumtamen
1859 1080 1882 1128 si
1908 1080 1982 1128 servi
2009 1077 2051 1129 vel
2077 1096 2119 1129 an-

471 1171 552 1238 libet
597 1183 691 1236 extra
728 1169 894 1258 publicum
940 1192 1078 1235 examen
1120 1168 1269 1234 occidere
1325 1182 1387 1233 cille
1422 1184 1626 1235 instituentibus
1660 1183 1704 1234 vel
1737 1186 1974 1236 consentientibus
2008 1186 2120 1238 dominis

473 1281 668 1366 quicumque
681 1279 901 1366 presumserit,
915 1275 1081 1364 qui*talia
1093 1276 1270 1340 dinoscitur
1323 1291 1352 1340 in
1392 1292 1531 1341 conservis
1569 1293 1625 1342 suis
1662 1289 1706 1342 vel
1744 1293 1960 1358 quibuscumque
1999 1295 2119 1358 personis

472 1397 693 1474 perpetrasse,
724 1395 857 1472 propter
887 1383 1061 1450 arcendam
1094 1383 1187 1447 huius
1222 1383 1269 1446 rei
1325 1382 1468 1448 dixerint
1500 1406 1534 1449 se
1569 1397 1746 1449 homicidium
1784 1406 1976 1466 perpetrasse
2013 1407 2040 1450 et
2074 1417 2119 1466 per

472 1495 688 1558 temeritatem
710 1491 861 1557 redactus
884 1493 918 1556 in
942 1491 1075 1556 exilium
1099 1488 1159 1554 sub
1179 1490 1269 1577 peni·
1325 1506 1495 1556 exactionem
1531 1512 1727 1557 tormentorum
1761 1507 1871 1558 eosdem
1902 1508 2029 1558 dominos
2059 1524 2120 1560 suos
2138 1521 2159 1560 ro

472 1602 575 1665 tentia
606 1600 774 1686 persistat,
808 1619 975 1684 quousque
1011 1596 1173 1662 advixerit
1184 1601 1204 1678 ¹,
1239 1606 1270 1660 et
1324 1609 1390 1661 talia
1408 1611 1461 1661 sibi
1481 1613 1655 1664 constituisse
1674 1615 1840 1664 laxaverint:
1860 1615 1935 1664 servi
1952 1615 2062 1680 quidem
2079 1615 2119 1666 vel

472 1705 611 1772 facultas
635 1707 704 1770 eius
728 1705 791 1770 illis
813 1705 973 1793 proficiat,
1005 1702 1122 1790 quibus
1144 1702 1200 1767 lex
1228 1703 1270 1767 atl
1325 1715 1422 1768 ancille
1441 1717 1508 1769 talia
1528 1725 1714 1786 perpetrantes
1734 1721 1856 1771 centenis
1877 1721 1996 1787 flagellis
2013 1721 2119 1788 publice

473 1811 667 1900 capiendam
702 1811 915 1877 hereditatem
949 1811 1116 1876 vicinioris
1148 1811 1269 1896 gradus
1325 1825 1486 1876 verberandi
1520 1833 1582 1877 eunt
1614 1843 1646 1876 aa
1679 1829 1795 1893 turpiter
1822 1826 2001 1891 decalvandi;
2031 1845 2118 1879 eorum

473 1920 688 1986 successionis
722 1918 871 2005 indulgit.
925 1917 990 1999 Qui
1019 1940 1098 1982 vero
1128 1916 1270 1981 alienum
1325 1949 1389 1984 vero
1419 1933 1531 1993 domini,
1560 1920 1587 1983 si
1615 1920 1801 2003 iuraverint,
1833 1920 1914 1984 nihil
1945 1921 2009 1985 tale
2038 1921 2117 1986 ordi·

473 2049 603 2092 servum
626 2026 679 2092 vcl
703 2025 854 2090 ancillam
878 2048 920 2091 ex
948 2023 1181 2090 deliberatione
1212 2046 1269 2088 sue
1324 2047 1429 2106 nasse,
1453 2024 1495 2090 ad
1518 2026 1599 2112 legis
1615 2026 1711 2092 huius
1728 2028 1921 2092 sententiam
1938 2027 2116 2093 nullatenus
2134 2053 2154 2092 a

471 2133 657 2199 volumtatis
689 2132 845 2198 occiderit
870 2132 923 2197 vel
953 2129 1168 2198 occidendum
1197 2153 1269 2218 pre·
1324 2141 1511 2214 teneantur3
1539 2143 1636 2219 atque
1667 2133 1723 2216 illi,
1755 2135 1810 2220 qui
1841 2157 1917 2199 suos
1949 2157 2116 2200 conservos

473 2242 613 2326 ceperit,
645 2239 726 2305 duos
757 2239 903 2304 eiusdem
932 2240 1039 2303 meriti
1070 2259 1181 2302 servos
1212 2261 1269 2302 seu
1324 2238 1511 2321 occiderint,
1542 2240 1576 2303 in
1599 2250 1758 2325 potestate
1782 2240 1905 2305 domini
1929 2243 1981 2306 sui
2012 2265 2115 2306 eornm

473 2343 607 2409 ancillas
644 2345 824 2409 occisorum
859 2343 1008 2408 dominus
1039 2343 1080 2407 de
1115 2343 1268 2409 facultate
1324 2367 1422 2409 eausa
1453 2347 1617 2430 consistat,
1648 2356 1684 2411 ut
1711 2346 1855 2412 faciendi
1885 2348 1926 2413 de
1958 2350 2006 2414 eis
2036 2347 2114 2435 quod

471 2450 633 2516 homicide
685 2460 918 2516 consecuturus
968 2455 1054 2534 est23
1106 2450 1269 2516 homicida
1323 2450 1485 2516 voluerint
1528 2452 1692 2518 licentiam
1740 2452 1891 2519 habeant.
1963 2455 1998 2520 si
2043 2478 2112 2520 vero

472 2569 580 2622 tamen
636 2557 814 2622 seeundum
867 2557 1067 2644 superiorem
1123 2557 1268 2622 ordinem
1324 2558 1464 2623 alienum
1489 2560 1560 2646 quis
1590 2559 1746 2625 occiderit
1776 2583 1916 2645 servum,
1949 2564 1980 2627 ei
2008 2563 2111 2649 procul
2126 2587 2147 2626 a

472 2665 625 2750 perennis
664 2664 754 2729 exilii
792 2685 912 2750 penam
949 2662 1170 2728 indubitanter
1214 2687 1268 2727 ex·
1324 2663 1423 2730 dubio
1457 2664 1634 2730 traditurus
1670 2677 1735 2751 est,
1775 2669 1867 2732 cuins
1903 2691 2033 2734 servum
2066 2669 2110 2733 vel

474 2771 583 2857 cipiat.
645 2771 728 2835 Nam
767 2771 795 2834 si
841 2769 989 2834 dominus
1034 2755 1170 2834 fortasse
1216 2770 1268 2835 vel
1323 2771 1473 2836 ancillam
1512 2772 1692 2838 dinoscitur
1725 2775 1896 2840 occidisse.
1947 2791 2108 2855 Quacumque

474 2875 605 2942 domina
627 2878 662 2942 in
686 2875 805 2942 ancilla
828 2877 880 2942 vel
906 2898 1011 2959 servo,
1041 2886 1107 2941 tem
1137 2879 1268 2964 proprio
1323 2899 1412 2943 autem
1432 2909 1549 2959 persona
1574 2895 1694 2960 ingenua
1720 2905 1830 2961 propter
1855 2898 1918 2947 furti
1945 2899 2107 2965 rapacitatem

474 3006 571 3070 quam
596 2994 761 3066 extraneO,
785 2982 838 3048 vel
861 2983 1048 3048 incitatione
1071 2984 1188 3048 iniurie
1216 2983 1270 3048 vel
1323 3001 1351 3050 in
1379 3001 1473 3051 itinere
1502 3000 1545 3051 vel
1574 3002 1602 3052 in
1631 3002 1711 3052 donro
1740 3007 1858 3069 positum
1890 3021 2048 3070 quemquam
2075 3007 2105 3054 in-

510 3163 535 3240 *)
560 3175 612 3226 Pro
636 3172 683 3242 qui
701 3201 742 3210 -
758 3179 952 3243 perpetrasse,
972 3193 1034 3242 paee
1053 3177 1170 3241 leputatur
1188 3177 1215 3226 ia
1236 3177 1267 3238 R,
2117 3188 2136 3227 a

556 3283 659 3348 praehet
677 3282 765 3333 llud:
788 3285 903 3334 notatus
926 3278 1039 3334 infamio
1063 3278 1217 3335 testificare
1243 3281 1269 3336 ei

560 3385 636 3442 ultra
658 3404 713 3441 non
736 3386 773 3440 sit
796 3385 903 3440 licitum
927 3393 966 3441 et.

525 3577 574 3638 VI,
595 3579 619 3636 5,
641 3579 681 3628 12.
718 3577 780 3628 13.
806 3578 979 3628 constiterint
998 3577 1060 3628 112.
1090 3576 1099 3638 l]
1129 3578 1184 3628 11.
1208 3594 1268 3628 exa·
1377 3579 1424 3640 VI,
1445 3581 1467 3640 5,
1490 3581 1530 3630 12.
1574 3581 1591 3630 l.
1614 3583 1638 3632 2.
1667 3581 1742 3632 hictu
1767 3581 1796 3632 Ε
1812 3584 1837 3633 2.
1892 3583 1936 3634 vel
1962 3585 2027 3634 deest
2049 3583 2103 3634 at.

471 3682 533 3716 men
557 3691 588 3700 -
611 3661 772 3728 dinoscitur]
800 3667 932 3716 iudicium
957 3667 1082 3716 occidere
1109 3667 1268 3727 dinoscitur,
1323 3668 1340 3718 l.
1360 3669 1384 3718 3.
1411 3675 1499 3734 potest
1519 3668 1580 3720 El.
1619 3677 1693 3721 certo
1713 3670 1775 3721 Er.
1802 3669 1811 3729 ΙΙ
1837 3673 1854 3722 l.
1874 3675 1899 3722 8.
1927 3676 2103 3725 conservis-

473 3757 520 3820 qui
543 3754 610 3806 talia
632 3757 826 3822 presumpserit
850 3755 874 3804 V
888 3757 927 3806 15.
960 3755 969 3816 l]
1001 3757 1018 3806 l.
1038 3758 1062 3806 9.
1089 3757 1269 3807 coercendam
1324 3753 1457 3822 personis]
1491 3759 1707 3826 quibuscumque
1739 3763 1863 3826 personis
1894 3764 1952 3813 sive
1985 3760 2138 3813 corrservitil

472 3845 534 3895 Ra.
560 3843 568 3904 l]
594 3845 671 3896 111.
695 3840 832 3910 persistat]
854 3847 952 3894 existat
972 3845 1046 3896 V15.
1072 3843 1081 3906 l]
1107 3845 1123 3895 l.
1144 3847 1184 3896 tt.
1208 3861 1269 3894 suc·
1324 3847 1379 3896 suis
1400 3846 1456 3896 1⁷2.
1488 3845 1496 3904 l]
1529 3848 1546 3898 l.
1568 3850 1607 3898 10.
1635 3851 1777 3900 exactione
1802 3867 1866 3901 corr.
1893 3853 2029 3902 exactioni
2050 3851 2107 3908 an

473 3929 615 3996 cessionis]
646 3935 819 3984 successione
848 3933 922 3996 112;
954 3935 1155 3984 successionem
1181 3934 1205 3982 V
1221 3936 1268 3994 153
1324 3937 1466 3986 exactione
1487 3936 1542 3987 Va
1575 3935 1583 3996 l]
1615 3938 1631 3987 l.
1653 3939 1693 3987 ll.
1720 3941 1855 3989 taxaverit
1880 3939 1908 3989 E
1924 3944 1947 3990 1.
2002 3944 2024 3992 si
2048 3939 2110 3992 servi

472 4025 659 4073 accessionem
684 4021 755 4072 illud.
810 4021 936 4088 indulget
954 4022 1024 4072 illacl.
1058 4023 1066 4082 l]
1098 4023 1114 4072 l.
1137 4025 1177 4072 15.
1204 4021 1268 4074 libe·
1324 4023 1386 4074 Et.
1418 4025 1427 4084 l]
1459 4026 1475 4075 l.
1497 4027 1537 4075 15.
1563 4021 1607 4090 ad]
1626 4034 1654 4078 et
1673 4027 1735 4078 112.
1775 4023 1867 4091 huius]
1887 4031 1949 4079 nius
1970 4029 1998 4080 E
2008 4033 2037 4092 23
2055 4030 2113 4080 dett

472 4113 577 4161 ratione
597 4110 658 4160 111.
691 4111 699 4171 l]
732 4111 811 4161 116.
836 4109 1072 4162 1011111111112.
1128 4110 1171 4161 vel
1198 4107 1266 4174 occ]
1325 4111 1352 4162 a
1370 4115 1392 4162 1.
1425 4113 1433 4172 l]
1465 4115 1482 4164 l.
1503 4116 1544 4164 16.
1571 4111 1726 4180 conservos]
1754 4119 1899 4168 conserbos
1926 4118 1954 4168 Ε
1971 4121 2002 4180 2;
2027 4132 2115 4171 servos

471 4199 1061 4260 1111011112.1Ιὶ.18.1111111111ω112.
1085 4198 1094 4260 ΙΙ
1117 4201 1133 4250 l.
1148 4203 1189 4251 20.
1209 4201 1269 4251 hor·
1325 4201 1386 4253 El.
1406 4203 1463 4252 Vl.
1495 4201 1503 4262 l]
1535 4204 1552 4254 l.
1573 4206 1613 4255 ll.
1642 4206 1745 4256 domini
1770 4201 1822 4268 sui]
1854 4207 2027 4260 dominorum
2052 4209 2116 4268 1⁷25
2135 4197 2157 4241 ⁵⁶

471 4289 561 4338 dinem
581 4289 642 4339 Jtt.
665 4287 673 4349 l]
697 4290 770 4339 121,
790 4285 919 4354 excipiat]
940 4289 977 4339 ito
996 4289 1028 4340 R.
1045 4289 1127 4352 V15;
1146 4291 1270 4341 obtineat
1324 4291 1494 4342 dominorum
1522 4308 1633 4344 suorum
1660 4294 1728 4356 V4;
1757 4296 1859 4346 domini
1884 4295 1909 4344 V
1925 4298 1965 4346 15.
2029 4313 2117 4350 eorum

471 4377 542 4427 ruod.
568 4377 577 4438 l]
603 4379 676 4428 tat.
696 4373 834 4440 extraneo]
857 4383 967 4428 externo
988 4377 1049 4428 112.
1094 4375 1266 4442 incitatione]
1325 4395 1406 4430 cause
1426 4376 1569 4443 consistat]
1594 4383 1645 4433 erit
1668 4383 1728 4434 Vl.
1761 4381 1770 4443 l]
1802 4385 1818 4434 l.
1839 4387 1881 4436 20.
1907 4387 2041 4437 occiderit
2066 4403 2117 4438 ser·

470 4465 651 4518 inlicitatione
670 4467 733 4517 aa.
1323 4463 1395 4532 vurn]
1417 4469 1461 4520 vel
1482 4469 1608 4522 ancillam
1626 4471 1687 4522 add.
1706 4472 1767 4535 V3;
1793 4489 1887 4525 servus
1914 4477 2048 4527 occiderit
2065 4494 2117 4528 ser·

1324 4574 1385 4608 vum
1409 4558 1468 4608 VS.
1501 4557 1510 4618 l]
1541 4560 1558 4610 l.
1578 4562 1620 4611 21.
1646 4557 1805 4625 traditurus]
1833 4565 1981 4615 tradendus
2008 4565 2070 4617 Vr.
2095 4568 2118 4616 8.

1323 4648 1339 4698 ἱ.
1360 4650 1401 4698 22.
1431 4645 1617 4716 Quecumque]
1648 4651 1724 4712 Quae
1753 4651 1781 4701 E
1799 4655 1829 4712 13
1858 4653 2031 4720 Quicumque
2058 4655 2117 4705 Vt.
2136 4649 2160 4690 ¹⁰

1323 4737 1348 4786 2.
1364 4738 1394 4800 6;
1414 4739 1617 4804 Quemcumque
1638 4739 1694 4791 Vl.
1718 4741 1727 4802 ΙΙ
1749 4742 1766 4791 l.
1780 4743 1822 4792 23.
1841 4757 1911 4806 pers.
1926 4744 1983 4808 ing.
1998 4739 2116 4811 propter]

1324 4833 1432 4891 propter
1458 4843 1601 4893 personam
1629 4829 1776 4894 ingenuam
1805 4830 1830 4878 V
1846 4833 1876 4894 23
1907 4847 2053 4897 personam
2081 4836 2117 4883 in·

1322 4931 1438 4980 genuam
1453 4923 1563 4982 propter
1576 4917 1630 4968 Vt.
1668 4920 1819 4984 rapacitate
1833 4918 1892 4970 Er.
1907 4920 1931 4968 V
1937 4923 1961 4971 2.
1980 4921 1990 4982 l]
2008 4923 2026 4973 l.
2037 4925 2078 4973 21.
2092 4923 2118 4972 in

1322 5005 1419 5054 itinere
1438 5005 1489 5055 dte.
1510 5006 1565 5056 Va
1620 5008 1648 5058 in
1668 5003 1757 5072 domo]
1778 5010 1851 5060 domi
1871 5010 1932 5072 l'l;
1955 5010 2039 5062 domu
2057 5029 2117 5062 corr.

1322 5095 1350 5143 in
1370 5095 1449 5146 domo
1470 5095 1527 5146 Vs.
2132 5102 2152 5143 11

581 5261 609 5332 l)
636 5260 684 5334 Cf.
711 5261 795 5320 Cone.
821 5262 936 5338 Epaott.
961 5258 1002 5338 (a.
1028 5259 1114 5339 517),
1140 5284 1203 5322 can.
1230 5265 1280 5336 34,
1307 5267 1370 5324 LL.
1397 5266 1481 5326 Cone.
1509 5269 1583 5325 iller.
1611 5290 1644 5346 p.
1671 5269 1729 5326 27:
1760 5271 1790 5327 Si
1819 5273 1880 5344 quis
1910 5293 2024 5330 servum
2053 5293 2115 5348 pro-

470 5371 561 5442 prium
584 5372 644 5426 sine
668 5372 841 5426 conscientia
862 5372 962 5425 iudicis
985 5373 1131 5441 occiderit,
1160 5376 1445 5431 excommunicatione
1475 5377 1582 5431 biennii
1614 5377 1779 5434 effusionem
1809 5381 1952 5452 sanguinis
1984 5383 2114 5454 expiavit.
2176 5435 2178 5440 .

473 5475 503 5546 2)
537 5475 584 5548 Os.
617 5477 747 5533 Edictum
778 5477 941 5534 Theoderici
969 5497 993 5534 c.
1021 5477 1099 5534 152.-
1130 5479 1159 5535 si
1189 5481 1298 5536 alienus
1328 5499 1426 5536 servus
1450 5483 1485 5538 ab
1509 5483 1603 5555 aliquo
1628 5525 1636 5539 .
1662 5527 1668 5540 .
1695 5526 1702 5540 .
1726 5487 1881 5556 occidatur,
1913 5490 1942 5543 in
1971 5497 2114 5561 potestate

470 5585 559 5640 habet
583 5585 709 5639 dominus
733 5585 793 5639 eius
816 5592 866 5640 aut
889 5585 1071 5640 criminaliter
1095 5626 1102 5640 .
1129 5628 1135 5640 .
1163 5628 1169 5640 .
1194 5605 1338 5656 accusare,
1362 5595 1412 5644 aut
1436 5591 1471 5645 de
1496 5592 1598 5646 damno
1622 5599 1701 5649 certe
1725 5595 1818 5649 amissi
1841 5597 1973 5668 mancipii
1997 5597 2115 5652 civiliter

471 5692 610 5746 actionem
633 5709 801 5763 proponere,
826 5692 867 5746 ita
889 5699 921 5746 ut
943 5709 994 5764 pro
1017 5710 1073 5748 uno
1097 5711 1177 5749 servo
1201 5696 1292 5750 occiso
1316 5697 1385 5751 duos
1408 5697 1483 5751 tales
1507 5699 1637 5770 recipiat.
2130 5718 2155 5758 to
