4372 6254
153 1991 350 2061 necem!
574 1983 654 2057 DE
689 1981 997 2060 NEGOTIIS
1034 1980 1384 2059 OAUSARUM.

609 2233 863 2355 LIBER
897 2234 1352 2356 SECUNDUS.

495 2525 522 2591 I.
547 2467 759 2590 TITULIJS:
790 2524 854 2588 DE
877 2522 1112 2589 IUDICIBUS
1135 2523 1195 2588 ET
1219 2523 1464 2590 IUDICATIS.

154 2691 260 2762 iteca}
272 2683 298 2748 I.
324 2683 420 2766 Quod
444 2694 477 2749 et
499 2686 592 2770 regia
618 2695 761 2772 potestas
792 2695 824 2748 et
851 2707 952 2774 popu·
978 2683 982 2826 y
1007 2693 1095 2764 Erit]
1114 2685 1140 2748 Ι.
1175 2685 1229 2748 De
1260 2695 1420 2772 tempore,
1453 2709 1517 2773 quo
1547 2686 1690 2754 debeant
1719 2688 1809 2775 leges

324 2788 429 2855 lorum
440 2792 636 2856 universitas
648 2791 757 2876 legum
769 2792 952 2856 reverentie
1179 2792 1351 2857 emendate
1375 2792 1495 2858 valere.

325 2899 367 2962 sit
390 2896 545 2964 subiecta.
1100 2915 1144 2980 Π.
1182 2916 1279 2996 Quod
1309 2927 1376 2982 tam
1406 2920 1499 3004 regie
1530 2929 1674 3006 potestas
1710 2941 1808 3007 quam

246 3021 289 3086 Π.
326 3022 423 3102 Quod
454 3022 535 3088 nulli
564 3023 654 3108 leges
684 3024 811 3088 nescire
844 3022 951 3088 liceat.
1178 3023 1371 3109 populorum
1383 3025 1579 3090 universitas
1595 3026 1808 3113 legumreve-

228 3146 289 3211 111.
326 3146 423 3229 Quod
468 3158 565 3214 antea
611 3148 762 3213 ordinare
810 3149 952 3233 oportuit
1177 3131 1281 3195 Γθῐὶῑὶθ
1305 3133 1348 3196 811
1371 3130 1529 3198 subiecta·

324 3256 455 3340 negotia
481 3255 676 3342 principum,
707 3265 821 3341 postea
850 3277 951 3341 popu·
1082 3253 1144 3318 ΠΙ.
1181 3253 1278 3335 Quod
1307 3255 1387 3320 nulli
1417 3255 1507 3343 leges
1537 3257 1664 3322 nescire
1699 3256 1806 3322 liceat.

105 3391 133 3429 ¹⁰
324 3360 438 3426 lorum.
1065 3378 1143 3443 IIII.
1180 3378 1278 3461 Quod
1323 3391 1420 3445 antea
1470 3381 1615 3447 ordinari
1666 3384 1809 3470 oportuit

212 3485 290 3550 IIII.
325 3486 378 3550 De
405 3497 562 3573 tempore,
594 3509 658 3572 quo
688 3484 831 3550 debeant
861 3484 951 3572 leges
1177 3487 1310 3572 negotia
1336 3488 1531 3575 principum,
1561 3499 1676 3575 postea
1705 3511 1806 3575 popu·

323 3593 495 3658 emendate
518 3593 639 3658 valere.
855 3632 856 3636 =
1176 3593 1290 3658 lorum.

153 3728 247 3780 Jteee.
260 3725 348 3796 Im}
367 3718 407 3782 V.
431 3718 485 3782 De
502 3719 686 3804 principum
703 3717 881 3804 cupiditate
906 3715 1060 3782 damnate
1076 3739 1253 3803 eorumque
1277 3718 1378 3782 initiis
1395 3717 1594 3802 ordinandis,
1620 3729 1652 3783 et
1668 3718 1807 3804 qualiter

432 3824 635 3889 conficiendo
659 3834 733 3888 sunt
757 3825 917 3910 scripture
941 3824 975 3886 in
997 3824 1128 3888 nomine
1152 3818 1338 3911 principum
1363 3823 1458 3889 facte.

105 3985 133 4026 η
275 3949 333 4016 VI.
367 3949 505 4032 Dahis,
530 3951 586 4036 qui
610 3960 724 4014 contra
745 3949 928 4035 principem
951 3947 1005 4012 vel
1027 3958 1158 4034 gentem
1181 3959 1238 4013 aut
1260 3950 1399 4035 patriam
1423 3948 1527 4036 refugi
1552 3947 1605 4014 vel
1628 3948 1806 4014 insulentes

368 4056 521 4121 existunt.

258 4181 332 4244 VII.
367 4181 421 4283 Dp
444 4203 511 4245 non
535 4179 736 4245 criminando
760 4180 941 4266 principem
964 4202 1025 4245 nec
1049 4178 1275 4245 maledicendo
1299 4181 1355 4244 illi.

242 4304 334 4369 VIII.
370 4303 422 4370 De
445 4306 578 4370 remotis
602 4303 780 4369 alienarum
804 4306 949 4391 gentium
973 4303 1110 4390 legibus.

221 4428 330 4494 VIIII.
365 4429 416 4495 Ne
440 4439 578 4516 excepto
602 4429 700 4494 talem
722 4428 851 4512 librum,
875 4427 981 4516 qualis
1004 4429 1068 4511 hic,
1092 4429 1148 4515 qui
1171 4452 1276 4516 nuper
1300 4440 1348 4494 est
1372 4429 1488 4512 editus,
1513 4429 1651 4496 alterurn
1667 4431 1806 4516 quisque

106 4575 134 4614 ,ο
368 4546 534 4623 presumat
555 4534 688 4601 habere.

291 4661 334 4726 X.
370 4661 422 4726 De
446 4659 563 4725 diebus
586 4661 678 4726 festis
703 4672 734 4726 et
757 4660 893 4741 feriatis,
917 4662 951 4724 in
975 4659 1093 4746 quibus
1117 4683 1183 4726 non
1206 4671 1281 4725 sunt
1303 4661 1436 4746 negotia
1460 4661 1681 4748 exsequenda.

272 4785 333 4851 XI.
368 4785 414 4852 Ut
437 4785 525 4851 nulle
549 4809 650 4852 causa
673 4809 692 4851 a
714 4784 878 4851 iudicibus
902 4785 1061 4868 audiatur,
1086 4808 1149 4873 que
1173 4785 1301 4871 legibus
1324 4809 1390 4850 non
1413 4797 1551 4851 tenetur.

259 5024 343 5076 LIB.
363 5023 406 5074 11.
449 5021 568 5074 Lentim
596 5023 673 5074 doda.
700 5024 761 5073 ΕΙ.
785 5026 810 5074 Ι.
833 5023 894 5074 ΕΙ.
916 5025 940 5074 Ι.
962 5023 1017 5073 1Ἰ.
1038 5026 1062 5074 Ι.
1090 5025 1113 5074 3.
1141 5025 1165 5073 4.
1192 5025 1216 5073 5.
1308 5024 1324 5074 1.
1346 5026 1369 5073 1.
1390 5025 1413 5074 Ι.
1442 5021 1581 5073 INCIPIT
1606 5022 1674 5072 LIB.
1702 5025 1728 5073 II
1757 5025 1807 5073 ΒΕ

153 5115 185 5166 N.
206 5115 235 5164 C.
256 5115 312 5165 Va.

106 5235 133 5274 ²5
259 5203 330 5254 TIT.
343 5203 365 5253 1.
393 5201 475 5252 Iader
490 5201 671 5267 cupidorum:
693 5201 770 5252 Oedd.
785 5200 843 5251 111.
861 5203 886 5252 Ι.
904 5200 966 5251 ΕΙ.
987 5203 1011 5251 Ι.
1084 5201 1101 5250 1.
1116 5204 1140 5251 Ι.
1160 5208 1188 5252 et
1208 5225 1239 5236 -
1260 5197 1297 5264 et]
1318 5201 1406 5252 itali.
1426 5200 1494 5262 ΕΙ;
1514 5207 1569 5252 tem
1589 5226 1622 5234 -
1643 5215 1723 5266 quam
1743 5200 1806 5251 ΕΙ.

152 5295 209 5344 15.
228 5291 318 5359 legum
339 5309 371 5328 -·-
391 5291 517 5342 subiecta
535 5291 586 5342 dea.
606 5291 630 5340 B
643 5293 666 5342 Ι.
690 5289 699 5350 ii
722 5291 739 5341 l.
753 5291 778 5341 8.
797 5296 860 5341 ente
882 5289 908 5340 Ε
921 5294 943 5340 1.
989 5291 1110 5341 ordineri
1130 5290 1155 5340 B
1167 5293 1191 5341 2.
1211 5289 1239 5340 Ε
1252 5295 1274 5341 1.
1321 5289 1459 5356 oportebit
1472 5289 1530 5340 ΕΙ.
1551 5289 1560 5350 ii
1580 5290 1597 5340 1.
1607 5291 1632 5339 9.
1649 5291 1805 5357 negotia—

152 5381 317 5448 popuiorum
334 5381 385 5433 dae.
405 5381 467 5432 ΕΙ.
514 5387 542 5432 et
561 5387 657 5447 postea
677 5379 705 5429 Ε
717 5382 740 5430 Ι.
766 5378 775 5436 ΙΙ
801 5380 818 5434 l.
834 5381 875 5430 1³.
895 5387 922 5430 et
942 5405 975 5414 -
995 5381 1067 5430 facte
1086 5380 1136 5430 dea.
1157 5380 1218 5430 ΕΙ.
1242 5381 1250 5440 ii
1274 5381 1290 5431 1.
1306 5382 1347 5430 15.
1367 5380 1455 5444 refugi
1476 5403 1507 5414 -
1529 5380 1650 5429 existunt
1667 5377 1717 5429 dea.
1738 5380 1806 5442 1123

153 5471 242 5535 refugi
266 5472 325 5522 aive
344 5467 496 5522 insolentes
516 5485 556 5520 ex.
578 5468 646 5529 ΕΙ;
673 5469 813 5534 refugiunt
830 5467 874 5519 rei
902 5467 1052 5519 insolentes
1072 5485 1113 5519 ex.
1133 5469 1196 5520 ΕΙ.
1222 5468 1230 5529 ii
1256 5470 1273 5520 1.
1295 5471 1336 5521 17.
1362 5470 1486 5535 principe
1512 5483 1563 5518 nec
1589 5466 1806 5519 maledicendum

152 5557 283 5622 1111Ε1;
309 5561 460 5626 principem
479 5574 530 5609 nec
556 5556 775 5608 maledicendum
794 5556 872 5608 Ilium
893 5557 955 5608 ΕΙ.
981 5556 990 5619 11
1017 5560 1033 5610 1.
1055 5560 1096 5610 19.
1122 5559 1238 5610 aiterum
1258 5585 1292 5594 -
1311 5557 1481 5610 habereder.
1502 5557 1563 5608 ΙΙΙ.
1589 5559 1599 5619 Ι
1624 5559 1641 5608 1.
1661 5559 1703 5608 ΙΙ.
1730 5574 1806 5608 axae-

106 5663 134 5702 ω
153 5644 273 5714 quenda]
294 5647 463 5716 exquirenda
481 5647 506 5698 B
521 5649 549 5711 ¹3
568 5646 635 5698 deest
654 5647 715 5698 ΕΙ.
738 5645 747 5706 11
770 5647 786 5697 1.
801 5648 843 5698 ΙΙ.
863 5663 916 5714 que
937 5673 970 5682 -
989 5653 1099 5699 tenetur
1116 5649 1167 5700 des.
1187 5648 1212 5698 11
1224 5650 1249 5699 Ι.
1287 5649 1444 5699 continetur
1462 5646 1490 5696 Ε
1501 5648 1525 5696 Ι.

1559 5753 1592 5804 fl*
