<?xml version="1.0" encoding="UTF-8"?>
<!DOCTYPE html PUBLIC "-//W3C//DTD XHTML 1.0 Transitional//EN"
    "http://www.w3.org/TR/xhtml1/DTD/xhtml1-transitional.dtd">
<html xmlns="http://www.w3.org/1999/xhtml" xml:lang="en" lang="en">
 <head>
  <title>
</title>
<meta http-equiv="Content-Type" content="text/html;charset=utf-8" />
  <meta name='ocr-system' content='tesseract 3.04.00' />
  <meta name='ocr-capabilities' content='ocr_page ocr_carea ocr_par ocr_line ocrx_word'/>
</head>
<body>
  <div class='ocr_page' id='page_1' title='image "./legesvisigothor00zeumgoog/legesvisigothor00zeumgoog_0017.png"; bbox 0 0 4372 6254; ppageno 0'>
   <div class='ocr_carea' id='block_1_1' title="bbox 1128 337 1364 392">
    <p class='ocr_par' dir='ltr' id='par_1_1' title="bbox 1128 337 1364 392">
     <span class='ocr_line' id='line_1_1' title="bbox 1128 337 1364 392; baseline -0.004 0"><span class='ocrx_word' id='word_1_1' title='bbox 1128 337 1364 392; x_wconf 82' lang='lat' dir='ltr'><strong>PRAEFATIO.</strong></span> 
     </span>
    </p>
   </div>
   <div class='ocr_carea' id='block_1_2' title="bbox 890 524 1602 748">
    <p class='ocr_par' dir='ltr' id='par_1_2' title="bbox 890 524 1602 748">
     <span class='ocr_line' id='line_1_2' title="bbox 1172 524 1323 611; baseline -0.013 -22"><span class='ocrx_word' id='word_1_2' title='bbox 1172 524 1323 611; x_wconf 82' lang='lat' dir='ltr'><em>CaputI.</em></span> 
     </span>
     <span class='ocr_line' id='line_1_3' title="bbox 890 647 1602 748; baseline -0.001 -27"><span class='ocrx_word' id='word_1_3' title='bbox 890 648 956 722; x_wconf 89' lang='lat' dir='ltr'><em>De</em></span> <span class='ocrx_word' id='word_1_4' title='bbox 991 647 1602 748; x_wconf 74' lang='lat' dir='ltr'><em>teqiuusVisiqocuorou1.</em></span> 
     </span>
    </p>
   </div>
   <div class='ocr_carea' id='block_1_3' title="bbox 407 785 2116 5465">
    <p class='ocr_par' dir='ltr' id='par_1_3' title="bbox 418 785 2104 1507">
     <span class='ocr_line' id='line_1_4' title="bbox 527 785 2074 874; baseline 0.001 -24"><span class='ocrx_word' id='word_1_5' title='bbox 527 787 673 851; x_wconf 87' lang='lat' dir='ltr'><em>Isidorus</em></span> <span class='ocrx_word' id='word_1_6' title='bbox 699 788 954 873; x_wconf 82' lang='lat' dir='ltr'><em>metropolitanus</em></span> <span class='ocrx_word' id='word_1_7' title='bbox 974 787 1176 872; x_wconf 75' lang='lat' dir='ltr'><em>Hispaloruis</em></span> <span class='ocrx_word' id='word_1_8' title='bbox 1196 789 1229 852; x_wconf 89' lang='lat' dir='ltr'><em>in</em></span> <span class='ocrx_word' id='word_1_9' title='bbox 1245 787 1379 850; x_wconf 80' lang='lat' dir='ltr'><em>br&#39;storia</em></span> <span class='ocrx_word' id='word_1_10' title='bbox 1395 811 1452 850; x_wconf 86' lang='lat' dir='ltr'><em>suu</em></span> <span class='ocrx_word' id='word_1_11' title='bbox 1472 786 1644 850; x_wconf 74' lang='lat' dir='ltr'><em>Gothorum</em></span> <span class='ocrx_word' id='word_1_12' title='bbox 1661 813 1686 850; x_wconf 88' lang='lat' dir='ltr'><em>e.</em></span> <span class='ocrx_word' id='word_1_13' title='bbox 1704 812 1733 850; x_wconf 87' lang='lat' dir='ltr'><em>u.</em></span> <span class='ocrx_word' id='word_1_14' title='bbox 1753 787 1828 866; x_wconf 69' lang='grc' dir='ltr'><em>624ἰ</em></span> <span class='ocrx_word' id='word_1_15' title='bbox 1845 811 1916 874; x_wconf 89' lang='lat' dir='ltr'><em>reqe</em></span> <span class='ocrx_word' id='word_1_16' title='bbox 1933 785 2074 852; x_wconf 68' lang='lat' dir='ltr'><em>Suebae</em></span> 
     </span>
     <span class='ocr_line' id='line_1_5' title="bbox 418 893 2075 981; baseline 0.001 -25"><span class='ocrx_word' id='word_1_17' title='bbox 418 909 575 980; x_wconf 79' lang='lat' dir='ltr'><em>requente,</em></span> <span class='ocrx_word' id='word_1_18' title='bbox 599 897 719 980; x_wconf 85' lang='lat' dir='ltr'><em>scripta</em></span> <span class='ocrx_word' id='word_1_19' title='bbox 743 895 845 981; x_wconf 78' lang='lat' dir='ltr'><strong><em>refert</em></strong></span> <span class='ocrx_word' id='word_1_20' title='bbox 867 919 891 958; x_wconf 94' lang='lat' dir='ltr'><em>c.</em></span> <span class='ocrx_word' id='word_1_21' title='bbox 918 895 960 956; x_wconf 86' lang='lat'><em>35</em></span> <span class='ocrx_word' id='word_1_22' title='bbox 986 893 1162 976; x_wconf 79' lang='lat' dir='ltr'><em>(Chronica</em></span> <span class='ocrx_word' id='word_1_23' title='bbox 1185 896 1262 957; x_wconf 87' lang='lat' dir='ltr'><em>rain.</em></span> <span class='ocrx_word' id='word_1_24' title='bbox 1286 893 1334 958; x_wconf 89' lang='lat' dir='ltr'><em>ed.</em></span> <span class='ocrx_word' id='word_1_25' title='bbox 1359 893 1531 957; x_wconf 73' lang='lat' dir='ltr'><em>Monuisse-u</em></span> <span class='ocrx_word' id='word_1_26' title='bbox 1556 893 1603 974; x_wconf 90' lang='lat' dir='ltr'><em>II,</em></span> <span class='ocrx_word' id='word_1_27' title='bbox 1627 917 1665 980; x_wconf 88' lang='lat' dir='ltr'><em>p.</em></span> <span class='ocrx_word' id='word_1_28' title='bbox 1691 894 1752 956; x_wconf 83' lang='lat'><em>281</em></span> <span class='ocrx_word' id='word_1_29' title='bbox 1753 895 1769 977; x_wconf 91' lang='lat'><em>)</em></span> <span class='ocrx_word' id='word_1_30' title='bbox 1795 893 1833 957; x_wconf 86' lang='lat' dir='ltr'><em>de</em></span> <span class='ocrx_word' id='word_1_31' title='bbox 1860 917 1931 981; x_wconf 89' lang='lat' dir='ltr'><em>reqe</em></span> <span class='ocrx_word' id='word_1_32' title='bbox 1954 893 2075 958; x_wconf 85' lang='lat' dir='ltr'><em>Eurico</em></span> 
     </span>
     <span class='ocr_line' id='line_1_6' title="bbox 420 997 2104 1086; baseline -0.004 -20"><span class='ocrx_word' id='word_1_33' title='bbox 420 1003 462 1078; x_wconf 82' lang='lat' dir='ltr'><em>(a.</em></span> <span class='ocrx_word' id='word_1_34' title='bbox 489 1003 701 1084; x_wconf 81' lang='lat'>466-485):</span> <span class='ocrx_word' id='word_1_35' title='bbox 732 999 799 1066; x_wconf 86' lang='lat' dir='ltr'><em>Sub</em></span> <span class='ocrx_word' id='word_1_36' title='bbox 823 999 884 1063; x_wconf 89' lang='lat' dir='ltr'><em>hoc</em></span> <span class='ocrx_word' id='word_1_37' title='bbox 910 1022 988 1085; x_wconf 86' lang='lat' dir='ltr'><em>rege</em></span> <span class='ocrx_word' id='word_1_38' title='bbox 1013 998 1113 1064; x_wconf 85' lang='lat' dir='ltr'><strong>Gothi</strong></span> <span class='ocrx_word' id='word_1_39' title='bbox 1144 999 1253 1086; x_wconf 87' lang='lat' dir='ltr'><em>legum</em></span> <span class='ocrx_word' id='word_1_40' title='bbox 1284 999 1430 1063; x_wconf 84' lang='lat' dir='ltr'><em>instituta</em></span> <span class='ocrx_word' id='word_1_41' title='bbox 1460 999 1588 1085; x_wconf 87' lang='lat' dir='ltr'><em>scriptis</em></span> <span class='ocrx_word' id='word_1_42' title='bbox 1619 997 1741 1062; x_wconf 89' lang='lat' dir='ltr'><em>habere</em></span> <span class='ocrx_word' id='word_1_43' title='bbox 1772 1011 1969 1084; x_wconf 81' lang='lat' dir='ltr'><em>coeperunt3</em></span> <span class='ocrx_word' id='word_1_44' title='bbox 2000 1021 2104 1064; x_wconf 76' lang='lat' dir='ltr'><em>name</em></span> 
     </span>
     <span class='ocr_line' id='line_1_7' title="bbox 418 1104 2074 1194; baseline -0.002 -24"><span class='ocrx_word' id='word_1_45' title='bbox 418 1117 516 1170; x_wconf 86' lang='lat' dir='ltr'><em>antea</em></span> <span class='ocrx_word' id='word_1_46' title='bbox 539 1117 664 1170; x_wconf 84' lang='lat' dir='ltr'><em>tanturn</em></span> <span class='ocrx_word' id='word_1_47' title='bbox 688 1104 832 1172; x_wconf 87' lang='lat' dir='ltr'><em>moribus</em></span> <span class='ocrx_word' id='word_1_48' title='bbox 857 1115 890 1171; x_wconf 88' lang='lat' dir='ltr'><em>et</em></span> <span class='ocrx_word' id='word_1_49' title='bbox 913 1106 1147 1170; x_wconf 87' lang='lat' dir='ltr'><em>consuetudine</em></span> <span class='ocrx_word' id='word_1_50' title='bbox 1171 1104 1376 1186; x_wconf 87' lang='lat' dir='ltr'><em>tenebantur,</em></span> <span class='ocrx_word' id='word_1_51' title='bbox 1401 1121 1428 1170; x_wconf 88' lang='lat' dir='ltr'><em>et</em></span> <span class='ocrx_word' id='word_1_52' title='bbox 1450 1131 1475 1170; x_wconf 91' lang='lat' dir='ltr'><em>c.</em></span> <span class='ocrx_word' id='word_1_53' title='bbox 1497 1108 1535 1169; x_wconf 88' lang='lat'><em>51</em></span> <span class='ocrx_word' id='word_1_54' title='bbox 1564 1105 1646 1188; x_wconf 85' lang='grc'><strong>(1.6.</strong></span> <span class='ocrx_word' id='word_1_55' title='bbox 1668 1131 1703 1192; x_wconf 91' lang='lat' dir='ltr'><em>p.</em></span> <span class='ocrx_word' id='word_1_56' title='bbox 1720 1107 1799 1190; x_wconf 80' lang='lat'><em>288)</em></span> <span class='ocrx_word' id='word_1_57' title='bbox 1825 1106 1863 1170; x_wconf 87' lang='lat' dir='ltr'><em>de</em></span> <span class='ocrx_word' id='word_1_58' title='bbox 1886 1107 2074 1194; x_wconf 86' lang='lat' dir='ltr'><em>Leooiqildo</em></span> 
     </span>
     <span class='ocr_line' id='line_1_8' title="bbox 419 1211 2073 1300; baseline 0.001 -24"><span class='ocrx_word' id='word_1_59' title='bbox 419 1239 489 1300; x_wconf 70' lang='lat' dir='ltr'><em>repo</em></span> <span class='ocrx_word' id='word_1_60' title='bbox 515 1213 557 1294; x_wconf 73' lang='lat' dir='ltr'><em>(a.</em></span> <span class='ocrx_word' id='word_1_61' title='bbox 585 1216 796 1300; x_wconf 83' lang='lat'><em>568-586):</em></span> <span class='ocrx_word' id='word_1_62' title='bbox 825 1215 860 1276; x_wconf 90' lang='lat' dir='ltr'><em>in</em></span> <span class='ocrx_word' id='word_1_63' title='bbox 883 1211 1010 1298; x_wconf 85' lang='lat' dir='ltr'><em>legibus</em></span> <span class='ocrx_word' id='word_1_64' title='bbox 1035 1235 1164 1299; x_wconf 89' lang='lat' dir='ltr'><em>quoque</em></span> <span class='ocrx_word' id='word_1_65' title='bbox 1190 1235 1239 1294; x_wconf 89' lang='lat' dir='ltr'><em>ea,</em></span> <span class='ocrx_word' id='word_1_66' title='bbox 1264 1235 1348 1298; x_wconf 90' lang='lat' dir='ltr'><em>quae</em></span> <span class='ocrx_word' id='word_1_67' title='bbox 1373 1211 1414 1276; x_wconf 87' lang='lat' dir='ltr'><em>ab</em></span> <span class='ocrx_word' id='word_1_68' title='bbox 1438 1213 1559 1276; x_wconf 82' lang='lat' dir='ltr'><em>Eurieo</em></span> <span class='ocrx_word' id='word_1_69' title='bbox 1583 1211 1747 1276; x_wconf 88' lang='lat' dir='ltr'><em>incondite</em></span> <span class='ocrx_word' id='word_1_70' title='bbox 1779 1213 1955 1277; x_wconf 86' lang='lat' dir='ltr'><em>constituta</em></span> <span class='ocrx_word' id='word_1_71' title='bbox 1985 1211 2073 1277; x_wconf 88' lang='lat' dir='ltr'><em>vide-</em></span> 
     </span>
     <span class='ocr_line' id='line_1_9' title="bbox 419 1317 2073 1406; baseline 0.001 -24"><span class='ocrx_word' id='word_1_72' title='bbox 419 1319 546 1401; x_wconf 81' lang='lat' dir='ltr'>bantur,</span> <span class='ocrx_word' id='word_1_73' title='bbox 572 1321 725 1402; x_wconf 85' lang='lat' dir='ltr'><em>correxit,</em></span> <span class='ocrx_word' id='word_1_74' title='bbox 757 1318 912 1405; x_wconf 87' lang='lat' dir='ltr'><em>plurimas</em></span> <span class='ocrx_word' id='word_1_75' title='bbox 937 1317 1026 1406; x_wconf 86' lang='lat' dir='ltr'><em>leges</em></span> <span class='ocrx_word' id='word_1_76' title='bbox 1050 1319 1296 1406; x_wconf 86' lang='lat' dir='ltr'><em>praetermissas</em></span> <span class='ocrx_word' id='word_1_77' title='bbox 1321 1318 1477 1400; x_wconf 81' lang='lat' dir='ltr'><em>edicione,</em></span> <span class='ocrx_word' id='word_1_78' title='bbox 1509 1318 1682 1406; x_wconf 87' lang='lat' dir='ltr'><em>plerasque</em></span> <span class='ocrx_word' id='word_1_79' title='bbox 1706 1317 1887 1405; x_wconf 89' lang='lat' dir='ltr'><em>superfluas</em></span> <span class='ocrx_word' id='word_1_80' title='bbox 1912 1319 2073 1383; x_wconf 86' lang='lat' dir='ltr'><em>auferens.</em></span> 
     </span>
     <span class='ocr_line' id='line_1_10' title="bbox 422 1427 1343 1507; baseline 0.001 -19"><span class='ocrx_word' id='word_1_81' title='bbox 422 1427 603 1507; x_wconf 71' lang='lat' dir='ltr'><em>Quaeritur,</em></span> <span class='ocrx_word' id='word_1_82' title='bbox 628 1429 717 1492; x_wconf 89' lang='lat' dir='ltr'><em>cuius</em></span> <span class='ocrx_word' id='word_1_83' title='bbox 740 1430 889 1492; x_wconf 75' lang='lat' dir='ltr'><em>momenti</em></span> <span class='ocrx_word' id='word_1_84' title='bbox 909 1429 973 1491; x_wconf 87' lang='lat' dir='ltr'><em>sint</em></span> <span class='ocrx_word' id='word_1_85' title='bbox 995 1427 1070 1490; x_wconf 83' lang='lat' dir='ltr'><em>baec</em></span> <span class='ocrx_word' id='word_1_86' title='bbox 1094 1429 1187 1490; x_wconf 87' lang='lat' dir='ltr'><em>uerbo</em></span> <span class='ocrx_word' id='word_1_87' title='bbox 1212 1427 1343 1492; x_wconf 75' lang='lat' dir='ltr'><em>Isidori.</em></span> 
     </span>
    </p>

    <p class='ocr_par' dir='ltr' id='par_1_4' title="bbox 407 1533 2116 4398">
     <span class='ocr_line' id='line_1_11' title="bbox 531 1533 2116 1621; baseline 0 -23"><span class='ocrx_word' id='word_1_88' title='bbox 531 1533 607 1598; x_wconf 64' lang='lat' dir='ltr'><em>(Isura</em></span> <span class='ocrx_word' id='word_1_89' title='bbox 633 1534 671 1597; x_wconf 87' lang='lat' dir='ltr'><em>de</em></span> <span class='ocrx_word' id='word_1_90' title='bbox 694 1535 784 1596; x_wconf 45' lang='lat' dir='ltr'><em>*nulla</em></span> <span class='ocrx_word' id='word_1_91' title='bbox 810 1548 884 1619; x_wconf 88' lang='lat' dir='ltr'><em>post</em></span> <span class='ocrx_word' id='word_1_92' title='bbox 906 1533 1127 1620; x_wconf 85' lang='lat' dir='ltr'><em>Leoriqildum</em></span> <span class='ocrx_word' id='word_1_93' title='bbox 1152 1535 1248 1621; x_wconf 87' lang='lat' dir='ltr'><em>facta</em></span> <span class='ocrx_word' id='word_1_94' title='bbox 1274 1535 1375 1619; x_wconf 79' lang='lat' dir='ltr'><em>lequm</em></span> <span class='ocrx_word' id='word_1_95' title='bbox 1399 1536 1597 1598; x_wconf 79' lang='lat' dir='ltr'><em>renotatione</em></span> <span class='ocrx_word' id='word_1_96' title='bbox 1619 1535 1801 1598; x_wconf 74' lang='lat' dir='ltr'><em>uacationem</em></span> <span class='ocrx_word' id='word_1_97' title='bbox 1826 1535 1965 1621; x_wconf 84' lang='lat' dir='ltr'><em>faceret,</em></span> <span class='ocrx_word' id='word_1_98' title='bbox 1989 1535 2077 1598; x_wconf 87' lang='lat' dir='ltr'><em>baud</em></span> <span class='ocrx_word' id='word_1_99' title='bbox 2094 1557 2116 1593; x_wconf 82' lang='grc' dir='ltr'><em>ιο</em></span> 
     </span>
     <span class='ocr_line' id='line_1_12' title="bbox 421 1639 2077 1727; baseline 0.001 -25"><span class='ocrx_word' id='word_1_100' title='bbox 421 1641 514 1703; x_wconf 73' lang='lat' dir='ltr'><em>doduie</em></span> <span class='ocrx_word' id='word_1_101' title='bbox 543 1641 623 1726; x_wconf 82' lang='lat' dir='ltr'><em>ques</em></span> <span class='ocrx_word' id='word_1_102' title='bbox 652 1667 672 1703; x_wconf 94' lang='lat' dir='ltr'><em>a</em></span> <span class='ocrx_word' id='word_1_103' title='bbox 701 1639 889 1726; x_wconf 73' lang='lat' dir='ltr'><em>Lcooiqildo</em></span> <span class='ocrx_word' id='word_1_104' title='bbox 919 1643 1041 1704; x_wconf 85' lang='lat' dir='ltr'><em>recisae</em></span> <span class='ocrx_word' id='word_1_105' title='bbox 1069 1639 1196 1704; x_wconf 79' lang='lat' dir='ltr'><em>Isidori</em></span> <span class='ocrx_word' id='word_1_106' title='bbox 1223 1655 1357 1726; x_wconf 85' lang='lat' dir='ltr'><em>tempore</em></span> <span class='ocrx_word' id='word_1_107' title='bbox 1388 1642 1420 1704; x_wconf 90' lang='lat' dir='ltr'><em>in</em></span> <span class='ocrx_word' id='word_1_108' title='bbox 1453 1643 1558 1727; x_wconf 85' lang='lat' dir='ltr'><em>oiqore</em></span> <span class='ocrx_word' id='word_1_109' title='bbox 1589 1654 1617 1704; x_wconf 89' lang='lat' dir='ltr'><em>et</em></span> <span class='ocrx_word' id='word_1_110' title='bbox 1647 1665 1704 1702; x_wconf 78' lang='lat' dir='ltr'><em>rma</em></span> <span class='ocrx_word' id='word_1_111' title='bbox 1730 1641 1947 1726; x_wconf 85' lang='lat' dir='ltr'><em>persistebant.</em></span> <span class='ocrx_word' id='word_1_112' title='bbox 2003 1640 2077 1704; x_wconf 87' lang='lat' dir='ltr'><em>Post</em></span> 
     </span>
     <span class='ocr_line' id='line_1_13' title="bbox 424 1746 2074 1832; baseline 0.002 -25"><span class='ocrx_word' id='word_1_113' title='bbox 424 1746 642 1832; x_wconf 81' lang='lat' dir='ltr'><em>Lcoru’qildum</em></span> <span class='ocrx_word' id='word_1_114' title='bbox 667 1770 781 1832; x_wconf 85' lang='lat' dir='ltr'><em>corpus</em></span> <span class='ocrx_word' id='word_1_115' title='bbox 811 1748 912 1832; x_wconf 80' lang='lat' dir='ltr'><em>leqnm</em></span> <span class='ocrx_word' id='word_1_116' title='bbox 942 1761 1012 1810; x_wconf 90' lang='lat' dir='ltr'><em>unte</em></span> <span class='ocrx_word' id='word_1_117' title='bbox 1036 1746 1297 1810; x_wconf 67' lang='lat' dir='ltr'><em>decresse-iudum</em></span> <span class='ocrx_word' id='word_1_118' title='bbox 1328 1771 1388 1810; x_wconf 81' lang='lat' dir='ltr'><em>riou</em></span> <span class='ocrx_word' id='word_1_119' title='bbox 1420 1761 1598 1810; x_wconf 81' lang='lat' dir='ltr'><em>renouatum</em></span> <span class='ocrx_word' id='word_1_120' title='bbox 1630 1771 1694 1810; x_wconf 86' lang='lat' dir='ltr'><em>esse</em></span> <span class='ocrx_word' id='word_1_121' title='bbox 1724 1761 1851 1811; x_wconf 89' lang='lat' dir='ltr'><em>testatur</em></span> <span class='ocrx_word' id='word_1_122' title='bbox 1881 1750 1976 1812; x_wconf 89' lang='lat' dir='ltr'><em>etiam</em></span> <span class='ocrx_word' id='word_1_123' title='bbox 2009 1749 2074 1832; x_wconf 88' lang='lat' dir='ltr'><em>ipse</em></span> 
     </span>
     <span class='ocr_line' id='line_1_14' title="bbox 422 1853 2072 1940; baseline 0.001 -26"><span class='ocrx_word' id='word_1_124' title='bbox 422 1853 647 1916; x_wconf 78' lang='lat' dir='ltr'><em>Iicccessriudi</em></span> <span class='ocrx_word' id='word_1_125' title='bbox 668 1853 766 1916; x_wconf 76' lang='lat' dir='ltr'><em>Liber</em></span> <span class='ocrx_word' id='word_1_126' title='bbox 790 1853 1000 1934; x_wconf 84' lang='lat' dir='ltr'><em>iudiciorurn,·</em></span> <span class='ocrx_word' id='word_1_127' title='bbox 1024 1855 1083 1938; x_wconf 90' lang='lat' dir='ltr'><em>qui</em></span> <span class='ocrx_word' id='word_1_128' title='bbox 1104 1855 1184 1940; x_wconf 82' lang='lat' dir='ltr'><em>ques</em></span> <span class='ocrx_word' id='word_1_129' title='bbox 1203 1867 1276 1939; x_wconf 88' lang='lat' dir='ltr'><em>poet</em></span> <span class='ocrx_word' id='word_1_130' title='bbox 1299 1853 1520 1940; x_wconf 82' lang='lat' dir='ltr'><em>Leociqildura</em></span> <span class='ocrx_word' id='word_1_131' title='bbox 1545 1855 1636 1934; x_wconf 77' lang='lat' dir='ltr'><em>louis,</em></span> <span class='ocrx_word' id='word_1_132' title='bbox 1660 1853 1824 1918; x_wconf 84' lang='lat' dir='ltr'><em>sciliceta</em></span> <span class='ocrx_word' id='word_1_133' title='bbox 1845 1853 2072 1918; x_wconf 83' lang='lat' dir='ltr'><em>ReccaredoI.</em></span> 
     </span>
     <span class='ocr_line' id='line_1_15' title="bbox 413 1959 2074 2046; baseline 0.001 -24"><span class='ocrx_word' id='word_1_134' title='bbox 413 1961 488 2045; x_wconf 77' lang='lat' dir='ltr'><em>filio</em></span> <span class='ocrx_word' id='word_1_135' title='bbox 513 1959 708 2046; x_wconf 81' lang='lat' dir='ltr'><em>Leooiqildi,</em></span> <span class='ocrx_word' id='word_1_136' title='bbox 732 1985 751 2022; x_wconf 91' lang='lat' dir='ltr'><em>a</em></span> <span class='ocrx_word' id='word_1_137' title='bbox 777 1959 929 2039; x_wconf 82' lang='lat' dir='ltr'><em>Sisebuto,</em></span> <span class='ocrx_word' id='word_1_138' title='bbox 955 1985 975 2022; x_wconf 90' lang='lat' dir='ltr'><em>a</em></span> <span class='ocrx_word' id='word_1_139' title='bbox 1003 1959 1242 2024; x_wconf 70' lang='lat' dir='ltr'><em>(lhzndasriado</em></span> <span class='ocrx_word' id='word_1_140' title='bbox 1266 1974 1294 2024; x_wconf 89' lang='lat' dir='ltr'><em>et</em></span> <span class='ocrx_word' id='word_1_141' title='bbox 1315 1963 1354 2024; x_wconf 90' lang='lat' dir='ltr'><em>ab</em></span> <span class='ocrx_word' id='word_1_142' title='bbox 1379 1963 1448 2046; x_wconf 80' lang='lat' dir='ltr'><em>ipso</em></span> <span class='ocrx_word' id='word_1_143' title='bbox 1470 1959 1709 2040; x_wconf 79' lang='lat' dir='ltr'><em>Iieccesaoiado,</em></span> <span class='ocrx_word' id='word_1_144' title='bbox 1732 1961 1788 2024; x_wconf 78' lang='lat' dir='ltr'><em>ereb</em></span> <span class='ocrx_word' id='word_1_145' title='bbox 1813 1962 2074 2046; x_wconf 73' lang='lat' dir='ltr'><em>inscriptionibus</em></span> 
     </span>
     <span class='ocr_line' id='line_1_16' title="bbox 421 2067 2115 2154; baseline -0.001 -27"><span class='ocrx_word' id='word_1_146' title='bbox 421 2091 527 2150; x_wconf 84' lang='lat' dir='ltr'><em>requm</em></span> <span class='ocrx_word' id='word_1_147' title='bbox 553 2067 679 2130; x_wconf 84' lang='lat' dir='ltr'><em>illorum</em></span> <span class='ocrx_word' id='word_1_148' title='bbox 698 2067 840 2152; x_wconf 87' lang='lat' dir='ltr'><em>praebet,</em></span> <span class='ocrx_word' id='word_1_149' title='bbox 864 2069 1059 2152; x_wconf 72' lang='lat' dir='ltr'><em>antiquiores</em></span> <span class='ocrx_word' id='word_1_150' title='bbox 1082 2091 1195 2148; x_wconf 78' lang='lat' dir='ltr'><em>onnres,</em></span> <span class='ocrx_word' id='word_1_151' title='bbox 1225 2081 1326 2154; x_wconf 70' lang='lat' dir='ltr'><em>equote</em></span> <span class='ocrx_word' id='word_1_152' title='bbox 1350 2091 1388 2130; x_wconf 76' lang='lat' dir='ltr'><em>es</em></span> <span class='ocrx_word' id='word_1_153' title='bbox 1410 2067 1597 2153; x_wconf 82' lang='lat' dir='ltr'><em>Lcoriqildi</em></span> <span class='ocrx_word' id='word_1_154' title='bbox 1618 2089 1757 2152; x_wconf 88' lang='lat' dir='ltr'><em>corpore,</em></span> <span class='ocrx_word' id='word_1_155' title='bbox 1791 2068 1846 2131; x_wconf 88' lang='lat' dir='ltr'><em>ubi</em></span> <span class='ocrx_word' id='word_1_156' title='bbox 1872 2067 2071 2154; x_wconf 82' lang='lat' dir='ltr'><em>sinqularum</em></span> <span class='ocrx_word' id='word_1_157' title='bbox 2092 2087 2115 2126; x_wconf 82' lang='lat' dir='ltr'><em>a</em></span> 
     </span>
     <span class='ocr_line' id='line_1_17' title="bbox 421 2171 2072 2260; baseline 0.002 -28"><span class='ocrx_word' id='word_1_158' title='bbox 421 2173 519 2259; x_wconf 82' lang='lat' dir='ltr'><em>loqum</em></span> <span class='ocrx_word' id='word_1_159' title='bbox 545 2187 686 2238; x_wconf 87' lang='lat' dir='ltr'><em>auctores</em></span> <span class='ocrx_word' id='word_1_160' title='bbox 710 2197 770 2236; x_wconf 76' lang='lat' dir='ltr'><em>reon</em></span> <span class='ocrx_word' id='word_1_161' title='bbox 795 2173 1075 2258; x_wconf 81' lang='lat' dir='ltr'><em>dc‘stiaqu-ebantur,</em></span> <span class='ocrx_word' id='word_1_162' title='bbox 1099 2188 1249 2260; x_wconf 80' lang='lat' dir='ltr'><em>surrrptus,</em></span> <span class='ocrx_word' id='word_1_163' title='bbox 1272 2175 1328 2237; x_wconf 73' lang='lat' dir='ltr'><em>stab</em></span> <span class='ocrx_word' id='word_1_164' title='bbox 1352 2175 1480 2238; x_wconf 82' lang='lat' dir='ltr'><em>rubrica</em></span> <span class='ocrx_word' id='word_1_165' title='bbox 1497 2172 1703 2252; x_wconf 78' lang='lat' dir='ltr'><em>ANTIQUA</em></span> <span class='ocrx_word' id='word_1_166' title='bbox 1720 2176 1860 2238; x_wconf 89' lang='lat' dir='ltr'><em>continet.</em></span> <span class='ocrx_word' id='word_1_167' title='bbox 1899 2171 1986 2250; x_wconf 79' lang='lat' dir='ltr'><em>Quae</em></span> <span class='ocrx_word' id='word_1_168' title='bbox 2002 2197 2072 2237; x_wconf 81' lang='lat' dir='ltr'><em>curn</em></span> 
     </span>
     <span class='ocr_line' id='line_1_18' title="bbox 421 2279 2073 2368; baseline 0.002 -27"><span class='ocrx_word' id='word_1_169' title='bbox 421 2282 464 2342; x_wconf 86' lang='lat' dir='ltr'><em>ita</em></span> <span class='ocrx_word' id='word_1_170' title='bbox 488 2282 560 2358; x_wconf 88' lang='lat' dir='ltr'><em>siut,</em></span> <span class='ocrx_word' id='word_1_171' title='bbox 586 2279 730 2344; x_wconf 69' lang='lat' dir='ltr'><em>debitore</em></span> <span class='ocrx_word' id='word_1_172' title='bbox 754 2305 813 2342; x_wconf 89' lang='lat' dir='ltr'><em>nou</em></span> <span class='ocrx_word' id='word_1_173' title='bbox 833 2303 1012 2366; x_wconf 74' lang='lat' dir='ltr'><em>posuimus,</em></span> <span class='ocrx_word' id='word_1_174' title='bbox 1036 2283 1113 2366; x_wconf 91' lang='lat' dir='ltr'><em>quin</em></span> <span class='ocrx_word' id='word_1_175' title='bbox 1138 2280 1283 2344; x_wconf 84' lang='lat' dir='ltr'><em>Isidorus</em></span> <span class='ocrx_word' id='word_1_176' title='bbox 1307 2305 1386 2365; x_wconf 72' lang='lat' dir='ltr'><em>quiae</em></span> <span class='ocrx_word' id='word_1_177' title='bbox 1410 2280 1447 2344; x_wconf 89' lang='lat' dir='ltr'><em>de</em></span> <span class='ocrx_word' id='word_1_178' title='bbox 1464 2280 1650 2366; x_wconf 74' lang='lat' dir='ltr'><em>Leocrqildi</em></span> <span class='ocrx_word' id='word_1_179' title='bbox 1671 2281 1866 2366; x_wconf 76' lang='lat' dir='ltr'><em>ieqislotione</em></span> <span class='ocrx_word' id='word_1_180' title='bbox 1889 2282 2014 2368; x_wconf 87' lang='lat' dir='ltr'><em>referat</em></span> <span class='ocrx_word' id='word_1_181' title='bbox 2034 2305 2073 2345; x_wconf 75' lang='lat' dir='ltr'><em>ea</em></span> 
     </span>
     <span class='ocr_line' id='line_1_19' title="bbox 422 2386 2073 2474; baseline 0.001 -26"><span class='ocrx_word' id='word_1_182' title='bbox 422 2388 523 2470; x_wconf 79' lang='lat' dir='ltr'><em>ipsias</em></span> <span class='ocrx_word' id='word_1_183' title='bbox 546 2386 735 2474; x_wconf 82' lang='lat' dir='ltr'><em>Leouiqiidi</em></span> <span class='ocrx_word' id='word_1_184' title='bbox 755 2389 898 2472; x_wconf 84' lang='lat' dir='ltr'><em>corporis</em></span> <span class='ocrx_word' id='word_1_185' title='bbox 915 2389 1051 2472; x_wconf 81' lang='lat' dir='ltr'><em>proloqo</em></span> <span class='ocrx_word' id='word_1_186' title='bbox 1074 2389 1140 2450; x_wconf 83' lang='lat' dir='ltr'><em>eice</em></span> <span class='ocrx_word' id='word_1_187' title='bbox 1163 2390 1428 2474; x_wconf 63' lang='lat' dir='ltr'><em>superscriptione</em></span> <span class='ocrx_word' id='word_1_188' title='bbox 1452 2390 1614 2472; x_wconf 68' lang='lat' dir='ltr'><em>exceperit.</em></span> <span class='ocrx_word' id='word_1_189' title='bbox 1662 2387 1748 2450; x_wconf 88' lang='lat' dir='ltr'><em>Nam</em></span> <span class='ocrx_word' id='word_1_190' title='bbox 1778 2387 1828 2450; x_wconf 84' lang='lat' dir='ltr'><em>oei</em></span> <span class='ocrx_word' id='word_1_191' title='bbox 1857 2387 1993 2452; x_wconf 87' lang='lat' dir='ltr'><em>edictum</em></span> <span class='ocrx_word' id='word_1_192' title='bbox 2024 2389 2073 2452; x_wconf 84' lang='lat' dir='ltr'><em>uel</em></span> 
     </span>
     <span class='ocr_line' id='line_1_20' title="bbox 413 2493 2071 2580; baseline 0.004 -28"><span class='ocrx_word' id='word_1_193' title='bbox 413 2495 579 2579; x_wconf 75' lang='lat' dir='ltr'><em>proloquar</em></span> <span class='ocrx_word' id='word_1_194' title='bbox 613 2493 651 2556; x_wconf 89' lang='lat' dir='ltr'><em>de</em></span> <span class='ocrx_word' id='word_1_195' title='bbox 683 2493 783 2579; x_wconf 78' lang='lat' dir='ltr'><em>iopam</em></span> <span class='ocrx_word' id='word_1_196' title='bbox 814 2496 957 2578; x_wconf 87' lang='lat' dir='ltr'><em>corporis</em></span> <span class='ocrx_word' id='word_1_197' title='bbox 988 2493 1257 2580; x_wconf 83' lang='lat' dir='ltr'><em>promulqatione,</em></span> <span class='ocrx_word' id='word_1_198' title='bbox 1293 2496 1417 2580; x_wconf 85' lang='lat' dir='ltr'><em>qualern</em></span> <span class='ocrx_word' id='word_1_199' title='bbox 1448 2495 1559 2558; x_wconf 84' lang='lat' dir='ltr'><em>babent</em></span> <span class='ocrx_word' id='word_1_200' title='bbox 1588 2507 1616 2557; x_wconf 90' lang='lat' dir='ltr'><em>ot</em></span> <span class='ocrx_word' id='word_1_201' title='bbox 1644 2493 1793 2558; x_wconf 78' lang='lat' dir='ltr'><em>Edictum</em></span> <span class='ocrx_word' id='word_1_202' title='bbox 1826 2493 2017 2558; x_wconf 75' lang='lat' dir='ltr'><em>Theoderici</em></span> <span class='ocrx_word' id='word_1_203' title='bbox 2043 2509 2071 2558; x_wconf 91' lang='lat' dir='ltr'><em>et</em></span> 
     </span>
     <span class='ocr_line' id='line_1_21' title="bbox 420 2599 2114 2686; baseline 0 -26"><span class='ocrx_word' id='word_1_204' title='bbox 420 2599 550 2664; x_wconf 64' lang='lat' dir='ltr'><em>Alarici</em></span> <span class='ocrx_word' id='word_1_205' title='bbox 563 2599 609 2662; x_wconf 90' lang='lat' dir='ltr'><em>II.</em></span> <span class='ocrx_word' id='word_1_206' title='bbox 636 2625 750 2686; x_wconf 86' lang='lat' dir='ltr'><em>corpus</em></span> <span class='ocrx_word' id='word_1_207' title='bbox 774 2601 873 2686; x_wconf 82' lang='lat' dir='ltr'><em>lequm</em></span> <span class='ocrx_word' id='word_1_208' title='bbox 892 2599 1108 2664; x_wconf 83' lang='lat' dir='ltr'><em>Romanarum</em></span> <span class='ocrx_word' id='word_1_209' title='bbox 1133 2615 1160 2662; x_wconf 91' lang='lat' dir='ltr'><em>ct</em></span> <span class='ocrx_word' id='word_1_210' title='bbox 1178 2600 1375 2664; x_wconf 78' lang='lat' dir='ltr'><em>Gundebadi</em></span> <span class='ocrx_word' id='word_1_211' title='bbox 1397 2601 1447 2664; x_wconf 76' lang='lat' dir='ltr'><em>len</em></span> <span class='ocrx_word' id='word_1_212' title='bbox 1463 2601 1727 2686; x_wconf 81' lang='lat' dir='ltr'><em>Burqundioaum</em></span> <span class='ocrx_word' id='word_1_213' title='bbox 1745 2615 1772 2665; x_wconf 87' lang='lat' dir='ltr'><em>et</em></span> <span class='ocrx_word' id='word_1_214' title='bbox 1787 2600 1927 2664; x_wconf 83' lang='lat' dir='ltr'><em>Ilotbari</em></span> <span class='ocrx_word' id='word_1_215' title='bbox 1940 2601 2069 2680; x_wconf 74' lang='lat' dir='ltr'><em>edictam,</em></span> <span class='ocrx_word' id='word_1_216' title='bbox 2089 2623 2114 2660; x_wconf 81' lang='lat' dir='ltr'><em>ro</em></span> 
     </span>
     <span class='ocr_line' id='line_1_22' title="bbox 419 2705 2069 2794; baseline 0.003 -27"><span class='ocrx_word' id='word_1_217' title='bbox 419 2731 471 2768; x_wconf 77' lang='lat' dir='ltr'><em>ruc-</em></span> <span class='ocrx_word' id='word_1_218' title='bbox 496 2731 556 2770; x_wconf 91' lang='lat' dir='ltr'><em>noa</em></span> <span class='ocrx_word' id='word_1_219' title='bbox 588 2709 731 2792; x_wconf 75' lang='lat' dir='ltr'><em>i&#39;qisarum</em></span> <span class='ocrx_word' id='word_1_220' title='bbox 759 2707 787 2768; x_wconf 83' lang='lat' dir='ltr'><em>V</em></span> <span class='ocrx_word' id='word_1_221' title='bbox 786 2707 1021 2792; x_wconf 76' lang='lat' dir='ltr'><em>isiqotbicurum</em></span> <span class='ocrx_word' id='word_1_222' title='bbox 1055 2709 1155 2794; x_wconf 86' lang='lat' dir='ltr'><em>lequm</em></span> <span class='ocrx_word' id='word_1_223' title='bbox 1186 2711 1329 2793; x_wconf 85' lang='lat' dir='ltr'><em>corporis</em></span> <span class='ocrx_word' id='word_1_224' title='bbox 1352 2709 1485 2794; x_wconf 44' lang='lat' dir='ltr'><em>,formae</em></span> <span class='ocrx_word' id='word_1_225' title='bbox 1509 2707 1796 2772; x_wconf 76' lang='lat' dir='ltr'><em>Ilecceseoindiona</em></span> <span class='ocrx_word' id='word_1_226' title='bbox 1826 2721 1854 2770; x_wconf 90' lang='lat' dir='ltr'><em>et</em></span> <span class='ocrx_word' id='word_1_227' title='bbox 1876 2705 2069 2794; x_wconf 64' lang='lat' dir='ltr'><em>Ereriqioau,</em></span> 
     </span>
     <span class='ocr_line' id='line_1_23' title="bbox 417 2813 2070 2901; baseline 0.001 -26"><span class='ocrx_word' id='word_1_228' title='bbox 417 2814 509 2876; x_wconf 84' lang='lat' dir='ltr'><em>talem</em></span> <span class='ocrx_word' id='word_1_229' title='bbox 533 2816 626 2877; x_wconf 82' lang='lat' dir='ltr'><em>etiam</em></span> <span class='ocrx_word' id='word_1_230' title='bbox 650 2813 838 2900; x_wconf 86' lang='lat' dir='ltr'><em>Leooiqildi</em></span> <span class='ocrx_word' id='word_1_231' title='bbox 857 2837 971 2899; x_wconf 90' lang='lat' dir='ltr'><em>corpus</em></span> <span class='ocrx_word' id='word_1_232' title='bbox 1002 2815 1101 2901; x_wconf 86' lang='lat' dir='ltr'><em>lequm</em></span> <span class='ocrx_word' id='word_1_233' title='bbox 1132 2829 1312 2878; x_wconf 84' lang='lat' dir='ltr'><em>reuoratum</em></span> <span class='ocrx_word' id='word_1_234' title='bbox 1343 2815 1498 2894; x_wconf 87' lang='lat' dir='ltr'><em>babuisse,</em></span> <span class='ocrx_word' id='word_1_235' title='bbox 1528 2817 1600 2899; x_wconf 90' lang='lat' dir='ltr'><em>quis</em></span> <span class='ocrx_word' id='word_1_236' title='bbox 1630 2829 1675 2878; x_wconf 89' lang='lat' dir='ltr'><em>est</em></span> <span class='ocrx_word' id='word_1_237' title='bbox 1703 2817 1762 2899; x_wconf 86' lang='lat' dir='ltr'><em>qui</em></span> <span class='ocrx_word' id='word_1_238' title='bbox 1790 2813 1929 2879; x_wconf 75' lang='lat' dir='ltr'><em>dubitet?</em></span> <span class='ocrx_word' id='word_1_239' title='bbox 1981 2814 2070 2878; x_wconf 86' lang='lat' dir='ltr'><em>Unde</em></span> 
     </span>
     <span class='ocr_line' id='line_1_24' title="bbox 417 2919 2068 3008; baseline 0.004 -30"><span class='ocrx_word' id='word_1_240' title='bbox 417 2922 499 2983; x_wconf 72' lang='lat' dir='ltr'><em>«nim</em></span> <span class='ocrx_word' id='word_1_241' title='bbox 533 2919 677 2983; x_wconf 88' lang='lat' dir='ltr'><em>Isidorus</em></span> <span class='ocrx_word' id='word_1_242' title='bbox 707 2944 815 2984; x_wconf 80' lang='lat' dir='ltr'><em>riomen</em></span> <span class='ocrx_word' id='word_1_243' title='bbox 847 2923 1050 2998; x_wconf 79' lang='lat' dir='ltr'><em>renovatoris,</em></span> <span class='ocrx_word' id='word_1_244' title='bbox 1074 2920 1262 3006; x_wconf 81' lang='lat' dir='ltr'><em>Leooiqildi</em></span> <span class='ocrx_word' id='word_1_245' title='bbox 1288 2923 1382 3008; x_wconf 88' lang='lat' dir='ltr'><em>reqis,</em></span> <span class='ocrx_word' id='word_1_246' title='bbox 1413 2924 1564 2985; x_wconf 86' lang='lat' dir='ltr'><em>rationem</em></span> <span class='ocrx_word' id='word_1_247' title='bbox 1595 2924 1817 3004; x_wconf 88' lang='lat' dir='ltr'><em>renovationis,</em></span> <span class='ocrx_word' id='word_1_248' title='bbox 1851 2923 1945 2985; x_wconf 85' lang='lat' dir='ltr'><em>immo</em></span> <span class='ocrx_word' id='word_1_249' title='bbox 1975 2924 2068 2986; x_wconf 86' lang='lat' dir='ltr'><em>etium</em></span> 
     </span>
     <span class='ocr_line' id='line_1_25' title="bbox 418 3027 2070 3116; baseline 0.001 -28"><span class='ocrx_word' id='word_1_250' title='bbox 418 3051 525 3089; x_wconf 72' lang='lat' dir='ltr'><em>utorium</em></span> <span class='ocrx_word' id='word_1_251' title='bbox 549 3029 652 3111; x_wconf 81' lang='lat' dir='ltr'><em>ipsius</em></span> <span class='ocrx_word' id='word_1_252' title='bbox 679 3029 785 3112; x_wconf 82' lang='lat' dir='ltr'><em>primi</em></span> <span class='ocrx_word' id='word_1_253' title='bbox 805 3029 943 3090; x_wconf 77' lang='lat' dir='ltr'><em>uiictoris</em></span> <span class='ocrx_word' id='word_1_254' title='bbox 974 3029 1085 3114; x_wconf 82' lang='lat' dir='ltr'><em>lequrn,</em></span> <span class='ocrx_word' id='word_1_255' title='bbox 1109 3027 1229 3091; x_wconf 80' lang='lat' dir='ltr'><em>Eurici</em></span> <span class='ocrx_word' id='word_1_256' title='bbox 1255 3031 1349 3115; x_wconf 87' lang='lat' dir='ltr'><em>reqis,</em></span> <span class='ocrx_word' id='word_1_257' title='bbox 1379 3051 1500 3092; x_wconf 75' lang='lat' dir='ltr'><em>euasere</em></span> <span class='ocrx_word' id='word_1_258' title='bbox 1526 3031 1638 3114; x_wconf 87' lang='lat' dir='ltr'><em>potuit,</em></span> <span class='ocrx_word' id='word_1_259' title='bbox 1669 3030 1737 3092; x_wconf 87' lang='lat' dir='ltr'><em>nisi</em></span> <span class='ocrx_word' id='word_1_260' title='bbox 1761 3053 1800 3092; x_wconf 82' lang='lat' dir='ltr'><em>eu</em></span> <span class='ocrx_word' id='word_1_261' title='bbox 1822 3029 1957 3116; x_wconf 84' lang='lat' dir='ltr'><em>proboqo</em></span> <span class='ocrx_word' id='word_1_262' title='bbox 1988 3028 2070 3091; x_wconf 69' lang='lat' dir='ltr'><em>ittet</em></span> 
     </span>
     <span class='ocr_line' id='line_1_26' title="bbox 419 3134 2113 3222; baseline 0 -28"><span class='ocrx_word' id='word_1_263' title='bbox 419 3134 515 3209; x_wconf 63' lang='lat' dir='ltr'><em>(brem</em></span> <span class='ocrx_word' id='word_1_264' title='bbox 546 3159 614 3196; x_wconf 77' lang='lat' dir='ltr'><em>err-ra</em></span> <span class='ocrx_word' id='word_1_265' title='bbox 635 3158 717 3219; x_wconf 88' lang='lat' dir='ltr'><em>prae</em></span> <span class='ocrx_word' id='word_1_266' title='bbox 747 3135 847 3198; x_wconf 78' lang='lat' dir='ltr'><em>ocirlr&#39;s</em></span> <span class='ocrx_word' id='word_1_267' title='bbox 877 3135 1022 3198; x_wconf 82' lang='lat' dir='ltr'><em>babuisse</em></span> <span class='ocrx_word' id='word_1_268' title='bbox 1053 3159 1091 3198; x_wconf 70' lang='lat' dir='ltr'><em>esc</em></span> <span class='ocrx_word' id='word_1_269' title='bbox 1121 3159 1154 3198; x_wconf 88' lang='lat' dir='ltr'><em>eo</em></span> <span class='ocrx_word' id='word_1_270' title='bbox 1185 3137 1278 3198; x_wconf 88' lang='lat' dir='ltr'><em>etiam</em></span> <span class='ocrx_word' id='word_1_271' title='bbox 1309 3150 1452 3220; x_wconf 85' lang='lat' dir='ltr'><em>apparet,</em></span> <span class='ocrx_word' id='word_1_272' title='bbox 1484 3135 1570 3220; x_wconf 90' lang='lat' dir='ltr'><em>quod</em></span> <span class='ocrx_word' id='word_1_273' title='bbox 1598 3135 1711 3198; x_wconf 84' lang='lat' dir='ltr'><em>iisdem</em></span> <span class='ocrx_word' id='word_1_274' title='bbox 1732 3136 1810 3222; x_wconf 87' lang='lat' dir='ltr'><em>fere</em></span> <span class='ocrx_word' id='word_1_275' title='bbox 1834 3137 1938 3198; x_wconf 80' lang='lat' dir='ltr'><em>uerbis</em></span> <span class='ocrx_word' id='word_1_276' title='bbox 1962 3137 2067 3214; x_wconf 84' lang='lat' dir='ltr'><em>utitur,</em></span> <span class='ocrx_word' id='word_1_277' title='bbox 2088 3156 2113 3194; x_wconf 80' lang='lat' dir='ltr'><em>ss</em></span> 
     </span>
     <span class='ocr_line' id='line_1_27' title="bbox 416 3241 2067 3330; baseline 0.001 -28"><span class='ocrx_word' id='word_1_278' title='bbox 416 3265 495 3325; x_wconf 88' lang='lat' dir='ltr'><em>quoe</em></span> <span class='ocrx_word' id='word_1_279' title='bbox 530 3243 564 3304; x_wconf 87' lang='lat' dir='ltr'><em>in</em></span> <span class='ocrx_word' id='word_1_280' title='bbox 594 3242 728 3328; x_wconf 81' lang='lat' dir='ltr'><em>proboqo</em></span> <span class='ocrx_word' id='word_1_281' title='bbox 759 3241 873 3306; x_wconf 74' lang='lat' dir='ltr'><em>Iidicti</em></span> <span class='ocrx_word' id='word_1_282' title='bbox 900 3242 1038 3306; x_wconf 84' lang='lat' dir='ltr'><em>Rotburi</em></span> <span class='ocrx_word' id='word_1_283' title='bbox 1071 3243 1108 3306; x_wconf 88' lang='lat' dir='ltr'><em>de</em></span> <span class='ocrx_word' id='word_1_284' title='bbox 1139 3243 1335 3330; x_wconf 78' lang='lat' dir='ltr'><em>qui‘slatrone</em></span> <span class='ocrx_word' id='word_1_285' title='bbox 1369 3243 1530 3329; x_wconf 83' lang='lat' dir='ltr'><em>referunt,·</em></span> <span class='ocrx_word' id='word_1_286' title='bbox 1567 3243 1622 3306; x_wconf 89' lang='lat' dir='ltr'><em>ubi</em></span> <span class='ocrx_word' id='word_1_287' title='bbox 1649 3243 1724 3306; x_wconf 81' lang='lat' dir='ltr'><em>liaeo</em></span> <span class='ocrx_word' id='word_1_288' title='bbox 1760 3243 1921 3328; x_wconf 80' lang='lat' dir='ltr'><em>loquatur:</em></span> <span class='ocrx_word' id='word_1_289' title='bbox 1955 3263 2067 3305; x_wconf 88' lang='lat' dir='ltr'><em>neces-</em></span> 
     </span>
     <span class='ocr_line' id='line_1_28' title="bbox 416 3347 2068 3434; baseline 0.001 -26"><span class='ocrx_word' id='word_1_290' title='bbox 416 3348 537 3410; x_wconf 84' lang='lat' dir='ltr'><em>sarium</em></span> <span class='ocrx_word' id='word_1_291' title='bbox 562 3369 633 3410; x_wconf 85' lang='lat' dir='ltr'><em>esse</em></span> <span class='ocrx_word' id='word_1_292' title='bbox 657 3349 885 3433; x_wconf 85' lang='lat' dir='ltr'><em>prospeximus</em></span> <span class='ocrx_word' id='word_1_293' title='bbox 909 3359 1093 3433; x_wconf 81' lang='lat' dir='ltr'><em>presentem</em></span> <span class='ocrx_word' id='word_1_294' title='bbox 1119 3371 1289 3434; x_wconf 73' lang='lat' dir='ltr'><em>corregere</em></span> <span class='ocrx_word' id='word_1_295' title='bbox 1313 3347 1429 3433; x_wconf 79' lang='lat' dir='ltr'><em>legem,</em></span> <span class='ocrx_word' id='word_1_296' title='bbox 1459 3371 1542 3434; x_wconf 86' lang='lat' dir='ltr'><em>quae</em></span> <span class='ocrx_word' id='word_1_297' title='bbox 1574 3349 1698 3434; x_wconf 86' lang='lat' dir='ltr'><em>priores</em></span> <span class='ocrx_word' id='word_1_298' title='bbox 1729 3370 1840 3411; x_wconf 88' lang='lat' dir='ltr'><em>omnes</em></span> <span class='ocrx_word' id='word_1_299' title='bbox 1870 3359 2007 3412; x_wconf 84' lang='lat' dir='ltr'><em>renovet</em></span> <span class='ocrx_word' id='word_1_300' title='bbox 2037 3359 2068 3411; x_wconf 92' lang='lat' dir='ltr'><em>et</em></span> 
     </span>
     <span class='ocr_line' id='line_1_29' title="bbox 416 3453 2068 3542; baseline 0.002 -26"><span class='ocrx_word' id='word_1_301' title='bbox 416 3453 567 3517; x_wconf 87' lang='lat' dir='ltr'><em>emendet</em></span> <span class='ocrx_word' id='word_1_302' title='bbox 591 3465 623 3517; x_wconf 92' lang='lat' dir='ltr'><em>et</em></span> <span class='ocrx_word' id='word_1_303' title='bbox 647 3454 734 3539; x_wconf 92' lang='lat' dir='ltr'><em>quod</em></span> <span class='ocrx_word' id='word_1_304' title='bbox 759 3454 851 3518; x_wconf 86' lang='lat' dir='ltr'><em>deest</em></span> <span class='ocrx_word' id='word_1_305' title='bbox 874 3455 996 3518; x_wconf 86' lang='lat' dir='ltr'><em>adiciat</em></span> <span class='ocrx_word' id='word_1_306' title='bbox 1019 3465 1051 3518; x_wconf 88' lang='lat' dir='ltr'><em>et</em></span> <span class='ocrx_word' id='word_1_307' title='bbox 1075 3454 1163 3541; x_wconf 89' lang='lat' dir='ltr'><em>quod</em></span> <span class='ocrx_word' id='word_1_308' title='bbox 1187 3453 1385 3540; x_wconf 87' lang='lat' dir='ltr'><em>superfluum</em></span> <span class='ocrx_word' id='word_1_309' title='bbox 1409 3466 1458 3519; x_wconf 86' lang='lat' dir='ltr'><em>est</em></span> <span class='ocrx_word' id='word_1_310' title='bbox 1482 3453 1640 3518; x_wconf 88' lang='lat' dir='ltr'><em>abscidat.</em></span> <span class='ocrx_word' id='word_1_311' title='bbox 1691 3455 1777 3532; x_wconf 72' lang='lat' dir='ltr'><em>Quoue</em></span> <span class='ocrx_word' id='word_1_312' title='bbox 1808 3456 1936 3540; x_wconf 87' lang='lat' dir='ltr'><em>quidem</em></span> <span class='ocrx_word' id='word_1_313' title='bbox 1966 3458 2068 3542; x_wconf 84' lang='lat' dir='ltr'><em>maqis</em></span> 
     </span>
     <span class='ocr_line' id='line_1_30' title="bbox 415 3562 2071 3648; baseline 0.001 -24"><span class='ocrx_word' id='word_1_314' title='bbox 415 3575 442 3624; x_wconf 80' lang='lat' dir='ltr'><em>rt</em></span> <span class='ocrx_word' id='word_1_315' title='bbox 468 3562 540 3624; x_wconf 84' lang='lat' dir='ltr'><em>inde</em></span> <span class='ocrx_word' id='word_1_316' title='bbox 563 3587 583 3624; x_wconf 90' lang='lat' dir='ltr'><em>a</em></span> <span class='ocrx_word' id='word_1_317' title='bbox 608 3583 691 3646; x_wconf 86' lang='lat' dir='ltr'><em>quae</em></span> <span class='ocrx_word' id='word_1_318' title='bbox 712 3562 836 3647; x_wconf 85' lang='lat' dir='ltr'><em>priores</em></span> <span class='ocrx_word' id='word_1_319' title='bbox 857 3563 981 3647; x_wconf 87' lang='lat' dir='ltr'><em>quidem</em></span> <span class='ocrx_word' id='word_1_320' title='bbox 1000 3563 1045 3626; x_wconf 89' lang='lat' dir='ltr'><em>ad</em></span> <span class='ocrx_word' id='word_1_321' title='bbox 1060 3564 1194 3627; x_wconf 86' lang='lat' dir='ltr'><em>litteram</em></span> <span class='ocrx_word' id='word_1_322' title='bbox 1211 3565 1396 3627; x_wconf 84' lang='lat' dir='ltr'><em>conueniunt</em></span> <span class='ocrx_word' id='word_1_323' title='bbox 1411 3588 1478 3627; x_wconf 85' lang='lat' dir='ltr'><em>curn</em></span> <span class='ocrx_word' id='word_1_324' title='bbox 1498 3565 1666 3648; x_wconf 87' lang='lat' dir='ltr'><em>principio</em></span> <span class='ocrx_word' id='word_1_325' title='bbox 1690 3563 1830 3627; x_wconf 67' lang='lat' dir='ltr'><em>noerellus</em></span> <span class='ocrx_word' id='word_1_326' title='bbox 1847 3564 1875 3625; x_wconf 83' lang='lat' dir='ltr'><em>I.</em></span> <span class='ocrx_word' id='word_1_327' title='bbox 1893 3562 2071 3627; x_wconf 87' lang='lat' dir='ltr'><em>Iustiniani</em></span> 
     </span>
     <span class='ocr_line' id='line_1_31' title="bbox 407 3668 2112 3756; baseline -0.001 -24"><span class='ocrx_word' id='word_1_328' title='bbox 407 3671 540 3756; x_wconf 75' lang='lat' dir='ltr'><em>formem</em></span> <span class='ocrx_word' id='word_1_329' title='bbox 564 3669 710 3749; x_wconf 76' lang='lat' dir='ltr'><em>Latitiae,</em></span> <span class='ocrx_word' id='word_1_330' title='bbox 735 3695 828 3754; x_wconf 86' lang='lat' dir='ltr'><em>quarn</em></span> <span class='ocrx_word' id='word_1_331' title='bbox 853 3669 1071 3734; x_wconf 79' lang='lat' dir='ltr'><em>Autbenticurn</em></span> <span class='ocrx_word' id='word_1_332' title='bbox 1089 3672 1239 3756; x_wconf 90' lang='lat' dir='ltr'><em>praebet:</em></span> <span class='ocrx_word' id='word_1_333' title='bbox 1262 3669 1369 3732; x_wconf 84' lang='lat' dir='ltr'><em>Unam</em></span> <span class='ocrx_word' id='word_1_334' title='bbox 1393 3670 1605 3732; x_wconf 84' lang='lat' dir='ltr'><em>intentionem</em></span> <span class='ocrx_word' id='word_1_335' title='bbox 1632 3668 1717 3732; x_wconf 84' lang='lat' dir='ltr'><em>hano</em></span> <span class='ocrx_word' id='word_1_336' title='bbox 1748 3691 1877 3754; x_wconf 83' lang='lat' dir='ltr'><em>semper</em></span> <span class='ocrx_word' id='word_1_337' title='bbox 1906 3669 2066 3754; x_wconf 86' lang='lat' dir='ltr'><em>ponimus,</em></span> <span class='ocrx_word' id='word_1_338' title='bbox 2087 3691 2112 3730; x_wconf 82' lang='lat' dir='ltr'><em>so</em></span> 
     </span>
     <span class='ocr_line' id='line_1_32' title="bbox 415 3773 2067 3861; baseline -0.001 -23"><span class='ocrx_word' id='word_1_339' title='bbox 415 3797 509 3838; x_wconf 87' lang='lat' dir='ltr'><em>omne</em></span> <span class='ocrx_word' id='word_1_340' title='bbox 534 3773 691 3861; x_wconf 89' lang='lat' dir='ltr'><em>quicquid</em></span> <span class='ocrx_word' id='word_1_341' title='bbox 715 3776 803 3861; x_wconf 87' lang='lat' dir='ltr'><em>prius</em></span> <span class='ocrx_word' id='word_1_342' title='bbox 827 3775 1054 3861; x_wconf 85' lang='lat' dir='ltr'><em>imperfectum</em></span> <span class='ocrx_word' id='word_1_343' title='bbox 1078 3787 1134 3839; x_wconf 91' lang='lat' dir='ltr'><em>aut</em></span> <span class='ocrx_word' id='word_1_344' title='bbox 1158 3775 1327 3840; x_wconf 80' lang='lat' dir='ltr'><em>confusum</em></span> <span class='ocrx_word' id='word_1_345' title='bbox 1351 3774 1534 3857; x_wconf 88' lang='lat' dir='ltr'><em>videbatur,</em></span> <span class='ocrx_word' id='word_1_346' title='bbox 1565 3775 1627 3839; x_wconf 88' lang='lat' dir='ltr'><em>hoe</em></span> <span class='ocrx_word' id='word_1_347' title='bbox 1655 3785 1688 3838; x_wconf 88' lang='lat' dir='ltr'><em>et</em></span> <span class='ocrx_word' id='word_1_348' title='bbox 1718 3797 1902 3861; x_wconf 82' lang='lat' dir='ltr'><em>expurgare</em></span> <span class='ocrx_word' id='word_1_349' title='bbox 1933 3785 1966 3838; x_wconf 87' lang='lat' dir='ltr'><em>st</em></span> <span class='ocrx_word' id='word_1_350' title='bbox 1996 3797 2067 3861; x_wconf 89' lang='lat' dir='ltr'><em>per-</em></span> 
     </span>
     <span class='ocr_line' id='line_1_33' title="bbox 415 3881 2066 3968; baseline 0 -24"><span class='ocrx_word' id='word_1_351' title='bbox 415 3883 535 3946; x_wconf 86' lang='lat' dir='ltr'><em>lectum</em></span> <span class='ocrx_word' id='word_1_352' title='bbox 559 3905 601 3945; x_wconf 84' lang='lat' dir='ltr'><em>cx</em></span> <span class='ocrx_word' id='word_1_353' title='bbox 625 3881 815 3967; x_wconf 85' lang='lat' dir='ltr'><em>imperfecto</em></span> <span class='ocrx_word' id='word_1_354' title='bbox 839 3881 1017 3946; x_wconf 89' lang='lat' dir='ltr'><em>declarare.</em></span> <span class='ocrx_word' id='word_1_355' title='bbox 1065 3881 1162 3962; x_wconf 79' lang='lat' dir='ltr'><em>Quod</em></span> <span class='ocrx_word' id='word_1_356' title='bbox 1186 3884 1284 3946; x_wconf 88' lang='lat' dir='ltr'><em>etiarn</em></span> <span class='ocrx_word' id='word_1_357' title='bbox 1307 3883 1341 3946; x_wconf 93' lang='lat' dir='ltr'><em>in</em></span> <span class='ocrx_word' id='word_1_358' title='bbox 1366 3883 1452 3946; x_wconf 88' lang='lat' dir='ltr'><em>omni</em></span> <span class='ocrx_word' id='word_1_359' title='bbox 1476 3881 1679 3968; x_wconf 82' lang='lat' dir='ltr'><em>legislatione</em></span> <span class='ocrx_word' id='word_1_360' title='bbox 1703 3881 1871 3964; x_wconf 85' lang='lat' dir='ltr'><em>facientes,</em></span> <span class='ocrx_word' id='word_1_361' title='bbox 1904 3881 2066 3946; x_wconf 88' lang='lat' dir='ltr'><em>credimus</em></span> 
     </span>
     <span class='ocr_line' id='line_1_34' title="bbox 415 3987 2066 4075; baseline 0.001 -24"><span class='ocrx_word' id='word_1_362' title='bbox 415 4001 563 4074; x_wconf 87' lang='lat' dir='ltr'><em>oportere</em></span> <span class='ocrx_word' id='word_1_363' title='bbox 588 3990 676 4052; x_wconf 90' lang='lat' dir='ltr'><em>etin</em></span> <span class='ocrx_word' id='word_1_364' title='bbox 701 3987 959 4070; x_wconf 83' lang='lat' dir='ltr'><em>alienationibus,</em></span> <span class='ocrx_word' id='word_1_365' title='bbox 984 4011 1068 4074; x_wconf 88' lang='lat' dir='ltr'><em>quae</em></span> <span class='ocrx_word' id='word_1_366' title='bbox 1092 3989 1174 4052; x_wconf 88' lang='lat' dir='ltr'><em>fiunt</em></span> <span class='ocrx_word' id='word_1_367' title='bbox 1197 4011 1295 4074; x_wconf 83' lang='lat' dir='ltr'><em>super</em></span> <span class='ocrx_word' id='word_1_368' title='bbox 1319 3990 1420 4053; x_wconf 85' lang='lat' dir='ltr'><em>sacris</em></span> <span class='ocrx_word' id='word_1_369' title='bbox 1443 3987 1551 4070; x_wconf 87' lang='lat' dir='ltr'><em>rebus,</em></span> <span class='ocrx_word' id='word_1_370' title='bbox 1576 4011 1641 4052; x_wconf 90' lang='lat' dir='ltr'><em>una</em></span> <span class='ocrx_word' id='word_1_371' title='bbox 1665 3987 1836 4073; x_wconf 87' lang='lat' dir='ltr'><em>complecti</em></span> <span class='ocrx_word' id='word_1_372' title='bbox 1867 3987 1950 4073; x_wconf 86' lang='lat' dir='ltr'><em>lege,</em></span> <span class='ocrx_word' id='word_1_373' title='bbox 1983 4011 2066 4075; x_wconf 89' lang='lat' dir='ltr'><em>quae</em></span> 
     </span>
     <span class='ocr_line' id='line_1_35' title="bbox 415 4093 2067 4182; baseline -0.001 -24"><span class='ocrx_word' id='word_1_374' title='bbox 415 4097 539 4180; x_wconf 87' lang='lat' dir='ltr'><em>priores</em></span> <span class='ocrx_word' id='word_1_375' title='bbox 563 4119 674 4159; x_wconf 87' lang='lat' dir='ltr'><em>omnes</em></span> <span class='ocrx_word' id='word_1_376' title='bbox 699 4106 731 4159; x_wconf 89' lang='lat' dir='ltr'><em>et</em></span> <span class='ocrx_word' id='word_1_377' title='bbox 754 4107 889 4160; x_wconf 84' lang='lat' dir='ltr'><em>renovet</em></span> <span class='ocrx_word' id='word_1_378' title='bbox 913 4105 944 4160; x_wconf 88' lang='lat' dir='ltr'><em>et</em></span> <span class='ocrx_word' id='word_1_379' title='bbox 975 4095 1126 4160; x_wconf 89' lang='lat' dir='ltr'><em>emendet</em></span> <span class='ocrx_word' id='word_1_380' title='bbox 1156 4106 1188 4160; x_wconf 90' lang='lat' dir='ltr'><em>et</em></span> <span class='ocrx_word' id='word_1_381' title='bbox 1218 4095 1305 4182; x_wconf 89' lang='lat' dir='ltr'><em>qnod</em></span> <span class='ocrx_word' id='word_1_382' title='bbox 1337 4095 1428 4159; x_wconf 90' lang='lat' dir='ltr'><em>deest</em></span> <span class='ocrx_word' id='word_1_383' title='bbox 1458 4094 1580 4160; x_wconf 87' lang='lat' dir='ltr'><em>adiciat</em></span> <span class='ocrx_word' id='word_1_384' title='bbox 1610 4104 1642 4158; x_wconf 90' lang='lat' dir='ltr'><em>et</em></span> <span class='ocrx_word' id='word_1_385' title='bbox 1672 4093 1759 4180; x_wconf 90' lang='lat' dir='ltr'><em>quod</em></span> <span class='ocrx_word' id='word_1_386' title='bbox 1789 4093 1988 4180; x_wconf 87' lang='lat' dir='ltr'><em>superfluam</em></span> <span class='ocrx_word' id='word_1_387' title='bbox 2018 4105 2067 4158; x_wconf 90' lang='lat' dir='ltr'><em>est</em></span> 
     </span>
     <span class='ocr_line' id='line_1_36' title="bbox 415 4201 2110 4290; baseline -0.002 -24"><span class='ocrx_word' id='word_1_388' title='bbox 415 4201 573 4266; x_wconf 85' lang='lat' dir='ltr'><em>abscidat.</em></span> <span class='ocrx_word' id='word_1_389' title='bbox 623 4204 721 4268; x_wconf 88' lang='lat' dir='ltr'><em>Verba</em></span> <span class='ocrx_word' id='word_1_390' title='bbox 745 4219 856 4284; x_wconf 75' lang='lat' dir='ltr'><em>turiseo,</em></span> <span class='ocrx_word' id='word_1_391' title='bbox 885 4230 964 4289; x_wconf 89' lang='lat' dir='ltr'><em>quae</em></span> <span class='ocrx_word' id='word_1_392' title='bbox 988 4229 1056 4268; x_wconf 89' lang='lat' dir='ltr'><em>cum</em></span> <span class='ocrx_word' id='word_1_393' title='bbox 1084 4206 1216 4290; x_wconf 79' lang='lat' dir='ltr'><em>proloqu</em></span> <span class='ocrx_word' id='word_1_394' title='bbox 1240 4204 1354 4267; x_wconf 82' lang='lat' dir='ltr'><em>Edisti</em></span> <span class='ocrx_word' id='word_1_395' title='bbox 1382 4206 1575 4282; x_wconf 83' lang='lat' dir='ltr'><em>conueniunt,</em></span> <span class='ocrx_word' id='word_1_396' title='bbox 1606 4217 1714 4267; x_wconf 85' lang='lat' dir='ltr'><em>auctor</em></span> <span class='ocrx_word' id='word_1_397' title='bbox 1744 4205 1811 4266; x_wconf 89' lang='lat' dir='ltr'><em>eius</em></span> <span class='ocrx_word' id='word_1_398' title='bbox 1834 4225 1895 4266; x_wconf 80' lang='lat' dir='ltr'><em>aori</em></span> <span class='ocrx_word' id='word_1_399' title='bbox 1926 4226 1965 4266; x_wconf 75' lang='lat' dir='ltr'><em>ea</em></span> <span class='ocrx_word' id='word_1_400' title='bbox 1994 4205 2066 4288; x_wconf 77' lang='lat' dir='ltr'><em>ipsa</em></span> <span class='ocrx_word' id='word_1_401' title='bbox 2085 4225 2110 4262; x_wconf 78' lang='lat' dir='ltr'><em>aa</em></span> 
     </span>
     <span class='ocr_line' id='line_1_37' title="bbox 414 4310 1736 4398; baseline 0 -26"><span class='ocrx_word' id='word_1_402' title='bbox 414 4311 547 4390; x_wconf 72' lang='lat' dir='ltr'><em>maella,</em></span> <span class='ocrx_word' id='word_1_403' title='bbox 571 4311 628 4375; x_wconf 90' lang='lat' dir='ltr'><em>sed</em></span> <span class='ocrx_word' id='word_1_404' title='bbox 650 4336 689 4374; x_wconf 78' lang='lat' dir='ltr'><em>eu</em></span> <span class='ocrx_word' id='word_1_405' title='bbox 710 4311 898 4398; x_wconf 83' lang='lat' dir='ltr'><em>Leo-oiqildi</em></span> <span class='ocrx_word' id='word_1_406' title='bbox 916 4313 1047 4398; x_wconf 83' lang='lat' dir='ltr'><em>proloqo</em></span> <span class='ocrx_word' id='word_1_407' title='bbox 1070 4312 1226 4374; x_wconf 74' lang='lat' dir='ltr'><em>saccellum</em></span> <span class='ocrx_word' id='word_1_408' title='bbox 1250 4313 1391 4374; x_wconf 86' lang='lat' dir='ltr'><em>imitanti</em></span> <span class='ocrx_word' id='word_1_409' title='bbox 1410 4313 1580 4396; x_wconf 88' lang='lat' dir='ltr'><em>sumpsisse</em></span> <span class='ocrx_word' id='word_1_410' title='bbox 1603 4310 1736 4374; x_wconf 86' lang='lat' dir='ltr'><em>videtur.</em></span> 
     </span>
    </p>

    <p class='ocr_par' dir='ltr' id='par_1_5' title="bbox 413 4415 2067 4610">
     <span class='ocr_line' id='line_1_38' title="bbox 522 4415 2067 4505; baseline -0.001 -25"><span class='ocrx_word' id='word_1_411' title='bbox 522 4416 651 4481; x_wconf 81' lang='lat' dir='ltr'><em>Sumraa</em></span> <span class='ocrx_word' id='word_1_412' title='bbox 677 4421 780 4503; x_wconf 90' lang='lat' dir='ltr'><em>itaque</em></span> <span class='ocrx_word' id='word_1_413' title='bbox 796 4418 866 4503; x_wconf 48' lang='lat' dir='ltr'><em>,tide</em></span> <span class='ocrx_word' id='word_1_414' title='bbox 890 4418 988 4505; x_wconf 83' lang='lat' dir='ltr'><em>diqna</em></span> <span class='ocrx_word' id='word_1_415' title='bbox 1011 4432 1083 4480; x_wconf 86' lang='lat' dir='ltr'><em>sunt</em></span> <span class='ocrx_word' id='word_1_416' title='bbox 1105 4443 1184 4502; x_wconf 89' lang='lat' dir='ltr'><em>quae</em></span> <span class='ocrx_word' id='word_1_417' title='bbox 1208 4419 1310 4505; x_wconf 88' lang='lat' dir='ltr'><em>refert</em></span> <span class='ocrx_word' id='word_1_418' title='bbox 1332 4417 1487 4482; x_wconf 75' lang='lat' dir='ltr'><em>isidorus.</em></span> <span class='ocrx_word' id='word_1_419' title='bbox 1530 4415 1720 4494; x_wconf 75' lang='lat' dir='ltr'><em>Quibuscum</em></span> <span class='ocrx_word' id='word_1_420' title='bbox 1745 4418 1858 4502; x_wconf 87' lang='lat' dir='ltr'><em>optime</em></span> <span class='ocrx_word' id='word_1_421' title='bbox 1881 4419 2067 4480; x_wconf 69' lang='lat' dir='ltr'><em>etinveniunt</em></span> 
     </span>
     <span class='ocr_line' id='line_1_39' title="bbox 413 4525 1392 4610; baseline 0 -24"><span class='ocrx_word' id='word_1_422' title='bbox 413 4539 619 4604; x_wconf 67' lang='lat' dir='ltr'><em>ieiuni-amenta,</em></span> <span class='ocrx_word' id='word_1_423' title='bbox 643 4549 723 4608; x_wconf 89' lang='lat' dir='ltr'><em>quae</em></span> <span class='ocrx_word' id='word_1_424' title='bbox 745 4539 920 4610; x_wconf 68' lang='lat' dir='ltr'><em>..supersunt</em></span> <span class='ocrx_word' id='word_1_425' title='bbox 946 4525 1154 4610; x_wconf 82' lang='lat' dir='ltr'><em>leqislationis</em></span> <span class='ocrx_word' id='word_1_426' title='bbox 1175 4525 1392 4610; x_wconf 79' lang='lat' dir='ltr'><em>Visiqotbicae.</em></span> 
     </span>
    </p>

    <p class='ocr_par' dir='ltr' id='par_1_6' title="bbox 411 4630 2108 5031">
     <span class='ocr_line' id='line_1_40' title="bbox 518 4630 2064 4718; baseline -0.001 -24"><span class='ocrx_word' id='word_1_427' title='bbox 518 4631 767 4695; x_wconf 81' lang='lat' dir='ltr'><em>Reccossoiudus</em></span> <span class='ocrx_word' id='word_1_428' title='bbox 793 4633 824 4694; x_wconf 90' lang='lat' dir='ltr'><em>iu</em></span> <span class='ocrx_word' id='word_1_429' title='bbox 849 4655 978 4716; x_wconf 83' lang='lat' dir='ltr'><em>corpore</em></span> <span class='ocrx_word' id='word_1_430' title='bbox 1001 4655 1057 4694; x_wconf 89' lang='lat' dir='ltr'><em>suo</em></span> <span class='ocrx_word' id='word_1_431' title='bbox 1082 4632 1183 4717; x_wconf 86' lang='lat' dir='ltr'><em>lequm</em></span> <span class='ocrx_word' id='word_1_432' title='bbox 1207 4632 1287 4718; x_wconf 86' lang='lat' dir='ltr'><em>leqes</em></span> <span class='ocrx_word' id='word_1_433' title='bbox 1311 4655 1425 4710; x_wconf 79' lang='lat' dir='ltr'><em>orrines,</em></span> <span class='ocrx_word' id='word_1_434' title='bbox 1456 4655 1535 4716; x_wconf 90' lang='lat' dir='ltr'><em>quoe</em></span> <span class='ocrx_word' id='word_1_435' title='bbox 1559 4645 1630 4694; x_wconf 78' lang='lat' dir='ltr'><em>suret</em></span> <span class='ocrx_word' id='word_1_436' title='bbox 1659 4645 1728 4694; x_wconf 88' lang='lat' dir='ltr'><em>ante</em></span> <span class='ocrx_word' id='word_1_437' title='bbox 1752 4630 1978 4710; x_wconf 80' lang='lat' dir='ltr'><em>Reccaredum,</em></span> <span class='ocrx_word' id='word_1_438' title='bbox 2009 4631 2064 4694; x_wconf 90' lang='lat' dir='ltr'><em>boc</em></span> 
     </span>
     <span class='ocr_line' id='line_1_41' title="bbox 412 4737 2108 4824; baseline -0.002 -24"><span class='ocrx_word' id='word_1_439' title='bbox 412 4753 455 4801; x_wconf 86' lang='lat' dir='ltr'><em>cst</em></span> <span class='ocrx_word' id='word_1_440' title='bbox 477 4764 497 4800; x_wconf 91' lang='lat' dir='ltr'><em>a</em></span> <span class='ocrx_word' id='word_1_441' title='bbox 520 4737 709 4824; x_wconf 83' lang='lat' dir='ltr'><em>Leooiqildo</em></span> <span class='ocrx_word' id='word_1_442' title='bbox 733 4741 859 4823; x_wconf 88' lang='lat' dir='ltr'><em>eiusque</em></span> <span class='ocrx_word' id='word_1_443' title='bbox 882 4738 1182 4824; x_wconf 82' lang='lat' dir='ltr'><em>praedecessoribus</em></span> <span class='ocrx_word' id='word_1_444' title='bbox 1205 4738 1297 4817; x_wconf 85' lang='lat' dir='ltr'><em>latae,</em></span> <span class='ocrx_word' id='word_1_445' title='bbox 1320 4740 1388 4801; x_wconf 89' lang='lat' dir='ltr'><em>sine</em></span> <span class='ocrx_word' id='word_1_446' title='bbox 1411 4741 1535 4801; x_wconf 88' lang='lat' dir='ltr'><em>nomine</em></span> <span class='ocrx_word' id='word_1_447' title='bbox 1558 4740 1642 4824; x_wconf 84' lang='lat' dir='ltr'><em>reqis</em></span> <span class='ocrx_word' id='word_1_448' title='bbox 1671 4737 1780 4816; x_wconf 85' lang='lat' dir='ltr'><em>tradit,</em></span> <span class='ocrx_word' id='word_1_449' title='bbox 1811 4737 1982 4821; x_wconf 82' lang='lat' dir='ltr'><em>‘antiquus&#39;</em></span> <span class='ocrx_word' id='word_1_450' title='bbox 2012 4762 2064 4802; x_wconf 89' lang='lat' dir='ltr'><em>eas</em></span> <span class='ocrx_word' id='word_1_451' title='bbox 2082 4761 2108 4797; x_wconf 78' lang='lat' dir='ltr'><em>ro</em></span> 
     </span>
     <span class='ocr_line' id='line_1_42' title="bbox 414 4842 2063 4931; baseline 0.001 -25"><span class='ocrx_word' id='word_1_452' title='bbox 414 4845 561 4923; x_wconf 84' lang='lat' dir='ltr'><em>racundo,</em></span> <span class='ocrx_word' id='word_1_453' title='bbox 593 4857 694 4929; x_wconf 84' lang='lat' dir='ltr'><em>utpote</em></span> <span class='ocrx_word' id='word_1_454' title='bbox 725 4868 763 4907; x_wconf 79' lang='lat' dir='ltr'><em>cn</em></span> <span class='ocrx_word' id='word_1_455' title='bbox 792 4847 921 4930; x_wconf 85' lang='lat' dir='ltr'><em>antiquo</em></span> <span class='ocrx_word' id='word_1_456' title='bbox 954 4847 1053 4931; x_wconf 84' lang='lat' dir='ltr'><em>iequm</em></span> <span class='ocrx_word' id='word_1_457' title='bbox 1085 4845 1191 4908; x_wconf 89' lang='lat' dir='ltr'><em>codice</em></span> <span class='ocrx_word' id='word_1_458' title='bbox 1222 4844 1439 4930; x_wconf 88' lang='lat' dir='ltr'><em>depromptos,</em></span> <span class='ocrx_word' id='word_1_459' title='bbox 1478 4869 1567 4930; x_wconf 86' lang='lat' dir='ltr'><em>quem</em></span> <span class='ocrx_word' id='word_1_460' title='bbox 1597 4843 1804 4930; x_wconf 83' lang='lat' dir='ltr'><em>Lcooiqildus</em></span> <span class='ocrx_word' id='word_1_461' title='bbox 1834 4842 1962 4907; x_wconf 89' lang='lat' dir='ltr'><em>Isidoro</em></span> <span class='ocrx_word' id='word_1_462' title='bbox 1993 4858 2063 4908; x_wconf 85' lang='lat' dir='ltr'><em>teste</em></span> 
     </span>
     <span class='ocr_line' id='line_1_43' title="bbox 411 4952 913 5031; baseline 0.002 -19"><span class='ocrx_word' id='word_1_463' title='bbox 411 4952 596 5031; x_wconf 71' lang='lat' dir='ltr'><em>currenduuit,</em></span> <span class='ocrx_word' id='word_1_464' title='bbox 619 4953 719 5031; x_wconf 75' lang='lat' dir='ltr'><em>aurit,</em></span> <span class='ocrx_word' id='word_1_465' title='bbox 743 4954 913 5016; x_wconf 85' lang='lat' dir='ltr'><em>renouauit.</em></span> 
     </span>
    </p>

    <p class='ocr_par' dir='ltr' id='par_1_7' title="bbox 408 5058 2105 5465">
     <span class='ocr_line' id='line_1_44' title="bbox 516 5058 2062 5144; baseline 0.002 -25"><span class='ocrx_word' id='word_1_466' title='bbox 516 5059 669 5142; x_wconf 77' lang='lat' dir='ltr'><em>Antiquis</em></span> <span class='ocrx_word' id='word_1_467' title='bbox 692 5073 793 5122; x_wconf 76' lang='lat' dir='ltr'><em>utitem</em></span> <span class='ocrx_word' id='word_1_468' title='bbox 816 5060 886 5122; x_wconf 87' lang='lat' dir='ltr'><em>illis</em></span> <span class='ocrx_word' id='word_1_469' title='bbox 905 5061 1099 5143; x_wconf 84' lang='lat' dir='ltr'><em>antiquiores</em></span> <span class='ocrx_word' id='word_1_470' title='bbox 1118 5059 1314 5122; x_wconf 76' lang='lat' dir='ltr'><em>hauddubie</em></span> <span class='ocrx_word' id='word_1_471' title='bbox 1331 5060 1411 5144; x_wconf 87' lang='lat' dir='ltr'><em>leqes</em></span> <span class='ocrx_word' id='word_1_472' title='bbox 1427 5060 1583 5144; x_wconf 87' lang='lat' dir='ltr'><em>praebent</em></span> <span class='ocrx_word' id='word_1_473' title='bbox 1597 5059 1786 5144; x_wconf 84' lang='lat' dir='ltr'><em>fraqmenta</em></span> <span class='ocrx_word' id='word_1_474' title='bbox 1801 5059 1946 5143; x_wconf 85' lang='lat' dir='ltr'><em>corporis</em></span> <span class='ocrx_word' id='word_1_475' title='bbox 1961 5058 2062 5143; x_wconf 83' lang='lat' dir='ltr'><em>leq-um</em></span> 
     </span>
     <span class='ocr_line' id='line_1_45' title="bbox 420 5165 2061 5251; baseline 0.001 -25"><span class='ocrx_word' id='word_1_476' title='bbox 420 5165 682 5250; x_wconf 61' lang='lat' dir='ltr'><em>liriqotbicarum</em></span> <span class='ocrx_word' id='word_1_477' title='bbox 723 5167 755 5227; x_wconf 90' lang='lat' dir='ltr'><em>ia</em></span> <span class='ocrx_word' id='word_1_478' title='bbox 794 5166 900 5229; x_wconf 88' lang='lat' dir='ltr'><em>codice</em></span> <span class='ocrx_word' id='word_1_479' title='bbox 932 5166 1141 5251; x_wconf 83' lang='lat' dir='ltr'><em>palimpsesto</em></span> <span class='ocrx_word' id='word_1_480' title='bbox 1180 5165 1381 5229; x_wconf 82' lang='lat' dir='ltr'><em>bibliothecae</em></span> <span class='ocrx_word' id='word_1_481' title='bbox 1415 5165 1586 5230; x_wconf 86' lang='lat' dir='ltr'><em>Porisinae</em></span> <span class='ocrx_word' id='word_1_482' title='bbox 1624 5165 1797 5230; x_wconf 75' lang='lat' dir='ltr'><em>sationalis</em></span> <span class='ocrx_word' id='word_1_483' title='bbox 1831 5165 1903 5229; x_wconf 85' lang='lat' dir='ltr'><em>Lot.</em></span> <span class='ocrx_word' id='word_1_484' title='bbox 1943 5167 2061 5242; x_wconf 84' lang='lat'>12161,</span> 
     </span>
     <span class='ocr_line' id='line_1_46' title="bbox 408 5271 2105 5358; baseline -0.001 -25"><span class='ocrx_word' id='word_1_485' title='bbox 408 5285 540 5334; x_wconf 83' lang='lat' dir='ltr'><em>serrato.</em></span> <span class='ocrx_word' id='word_1_486' title='bbox 582 5271 616 5332; x_wconf 86' lang='lat' dir='ltr'><em>F</em></span> <span class='ocrx_word' id='word_1_487' title='bbox 614 5286 773 5357; x_wconf 84' lang='lat' dir='ltr'><em>raqruenta</em></span> <span class='ocrx_word' id='word_1_488' title='bbox 799 5271 856 5334; x_wconf 84' lang='lat' dir='ltr'><em>ilia</em></span> <span class='ocrx_word' id='word_1_489' title='bbox 882 5296 941 5335; x_wconf 90' lang='lat' dir='ltr'><em>nou</em></span> <span class='ocrx_word' id='word_1_490' title='bbox 962 5286 1034 5357; x_wconf 89' lang='lat' dir='ltr'><em>post</em></span> <span class='ocrx_word' id='word_1_491' title='bbox 1056 5273 1213 5335; x_wconf 77' lang='lat' dir='ltr'><em>succidam</em></span> <span class='ocrx_word' id='word_1_492' title='bbox 1234 5272 1287 5336; x_wconf 88' lang='lat' dir='ltr'><em>VI.</em></span> <span class='ocrx_word' id='word_1_493' title='bbox 1311 5275 1431 5358; x_wconf 82' lang='lat' dir='ltr'><em>seri&#39;pta</em></span> <span class='ocrx_word' id='word_1_494' title='bbox 1448 5297 1521 5353; x_wconf 87' lang='lat' dir='ltr'><em>esse,</em></span> <span class='ocrx_word' id='word_1_495' title='bbox 1539 5273 1637 5336; x_wconf 78' lang='lat' dir='ltr'><em>codsa</em></span> <span class='ocrx_word' id='word_1_496' title='bbox 1645 5274 1780 5358; x_wconf 88' lang='lat' dir='ltr'><em>probot,·</em></span> <span class='ocrx_word' id='word_1_497' title='bbox 1795 5273 1963 5336; x_wconf 86' lang='lat' dir='ltr'><em>sententiae</em></span> <span class='ocrx_word' id='word_1_498' title='bbox 1979 5296 2061 5352; x_wconf 80' lang='lat' dir='ltr'><em>uero,</em></span> <span class='ocrx_word' id='word_1_499' title='bbox 2080 5295 2105 5332; x_wconf 80' lang='lat' dir='ltr'><em>a</em></span> 
     </span>
     <span class='ocr_line' id='line_1_47' title="bbox 409 5377 2061 5465; baseline 0.002 -27"><span class='ocrx_word' id='word_1_500' title='bbox 409 5403 487 5461; x_wconf 88' lang='lat' dir='ltr'><em>quas</em></span> <span class='ocrx_word' id='word_1_501' title='bbox 511 5379 665 5464; x_wconf 80' lang='lat' dir='ltr'><em>referunt,</em></span> <span class='ocrx_word' id='word_1_502' title='bbox 689 5381 883 5463; x_wconf 76' lang='lat' dir='ltr'><em>(critiqniores</em></span> <span class='ocrx_word' id='word_1_503' title='bbox 907 5394 978 5441; x_wconf 80' lang='lat' dir='ltr'><em>sum</em></span> <span class='ocrx_word' id='word_1_504' title='bbox 998 5378 1080 5464; x_wconf 81' lang='lat' dir='ltr'><em>Leqe</em></span> <span class='ocrx_word' id='word_1_505' title='bbox 1101 5379 1246 5442; x_wconf 78' lang='lat' dir='ltr'><em>Bouiano</em></span> <span class='ocrx_word' id='word_1_506' title='bbox 1267 5378 1399 5442; x_wconf 76' lang='lat' dir='ltr'><em>Alarici</em></span> <span class='ocrx_word' id='word_1_507' title='bbox 1413 5379 1459 5445; x_wconf 92' lang='lat' dir='ltr'><em>II.</em></span> <span class='ocrx_word' id='word_1_508' title='bbox 1485 5406 1513 5442; x_wconf 89' lang='lat' dir='ltr'><em>a.</em></span> <span class='ocrx_word' id='word_1_509' title='bbox 1536 5380 1600 5442; x_wconf 88' lang='grc'><em>506</em></span> <span class='ocrx_word' id='word_1_510' title='bbox 1618 5380 1833 5465; x_wconf 83' lang='lat' dir='ltr'><em>pronndqatu.</em></span> <span class='ocrx_word' id='word_1_511' title='bbox 1873 5377 2061 5464; x_wconf 74' lang='lat' dir='ltr'><em>‘Antiquae&#39;</em></span> 
     </span>
    </p>
   </div>
   <div class='ocr_carea' id='block_1_4' title="bbox 518 5559 2061 5639">
    <p class='ocr_par' dir='ltr' id='par_1_8' title="bbox 518 5559 2061 5639">
     <span class='ocr_line' id='line_1_48' title="bbox 518 5559 2061 5639; baseline 0.003 -23"><span class='ocrx_word' id='word_1_512' title='bbox 518 5561 546 5631; x_wconf 84' lang='grc'><em>1)</em></span> <span class='ocrx_word' id='word_1_513' title='bbox 573 5559 620 5633; x_wconf 61' lang='lat' dir='ltr'><em>(ff.</em></span> <span class='ocrx_word' id='word_1_514' title='bbox 647 5563 685 5617; x_wconf 88' lang='lat' dir='ltr'><em>II.</em></span> <span class='ocrx_word' id='word_1_515' title='bbox 712 5562 857 5632; x_wconf 79' lang='lat' dir='ltr'><em>Bnarncr,</em></span> <span class='ocrx_word' id='word_1_516' title='bbox 883 5563 932 5620; x_wconf 80' lang='lat' dir='ltr'><em>‘D.</em></span> <span class='ocrx_word' id='word_1_517' title='bbox 958 5564 1100 5638; x_wconf 70' lang='lat' dir='ltr'><em>Itccbtsq!</em></span> <span class='ocrx_word' id='word_1_518' title='bbox 1126 5564 1148 5633; x_wconf 90' lang='lat' dir='ltr'><em>I,</em></span> <span class='ocrx_word' id='word_1_519' title='bbox 1172 5585 1205 5638; x_wconf 89' lang='lat' dir='ltr'><em>p.</em></span> <span class='ocrx_word' id='word_1_520' title='bbox 1232 5563 1293 5618; x_wconf 84' lang='lat'><em>320</em></span> <span class='ocrx_word' id='word_1_521' title='bbox 1311 5585 1371 5639; x_wconf 89' lang='lat' dir='ltr'><em>sqq.</em></span> <span class='ocrx_word' id='word_1_522' title='bbox 1398 5573 1423 5620; x_wconf 90' lang='lat' dir='ltr'><em>ct</em></span> <span class='ocrx_word' id='word_1_523' title='bbox 1441 5565 1657 5638; x_wconf 75' lang='lat' dir='ltr'><em>praefationum</em></span> <span class='ocrx_word' id='word_1_524' title='bbox 1680 5583 1769 5620; x_wconf 71' lang='lat' dir='ltr'><em>iuream</em></span> <span class='ocrx_word' id='word_1_525' title='bbox 1793 5563 1921 5620; x_wconf 86' lang='lat' dir='ltr'><em>editionis</em></span> <span class='ocrx_word' id='word_1_526' title='bbox 1944 5563 2061 5620; x_wconf 83' lang='lat' dir='ltr'><em>raineris</em></span> 
     </span>
    </p>
   </div>
   <div class='ocr_carea' id='block_1_5' title="bbox 406 5669 2059 5835">
    <p class='ocr_par' dir='ltr' id='par_1_9' title="bbox 406 5669 2059 5835">
     <span class='ocr_line' id='line_1_49' title="bbox 408 5669 2059 5748; baseline 0.001 -22"><span class='ocrx_word' id='word_1_527' title='bbox 408 5680 433 5726; x_wconf 83' lang='lat' dir='ltr'><em>et</em></span> <span class='ocrx_word' id='word_1_528' title='bbox 455 5690 528 5745; x_wconf 86' lang='lat' dir='ltr'><em>quae</em></span> <span class='ocrx_word' id='word_1_529' title='bbox 550 5669 667 5742; x_wconf 82' lang='lat' dir='ltr'><em>eocposui</em></span> <span class='ocrx_word' id='word_1_530' title='bbox 690 5669 719 5724; x_wconf 89' lang='lat' dir='ltr'><em>in</em></span> <span class='ocrx_word' id='word_1_531' title='bbox 743 5671 948 5726; x_wconf 81' lang='lat' dir='ltr'><em>corrnncaturiis</em></span> <span class='ocrx_word' id='word_1_532' title='bbox 971 5671 1037 5726; x_wconf 73' lang='lat' dir='ltr'><em>urreis</em></span> <span class='ocrx_word' id='word_1_533' title='bbox 1062 5669 1237 5727; x_wconf 79' lang='lat' dir='ltr'><em>‘Gcscbicbte</em></span> <span class='ocrx_word' id='word_1_534' title='bbox 1267 5673 1317 5726; x_wconf 75' lang='lat' dir='ltr'><em>cler</em></span> <span class='ocrx_word' id='word_1_535' title='bbox 1343 5672 1567 5748; x_wconf 77' lang='lat' dir='ltr'><em>irestqotbiscben</em></span> <span class='ocrx_word' id='word_1_536' title='bbox 1585 5670 1803 5747; x_wconf 75' lang='lat' dir='ltr'><em>Gcsethrbunq,</em></span> <span class='ocrx_word' id='word_1_537' title='bbox 1828 5671 1945 5746; x_wconf 84' lang='lat' dir='ltr'><em>Allqcm.</em></span> <span class='ocrx_word' id='word_1_538' title='bbox 1969 5670 2059 5727; x_wconf 70' lang='lat' dir='ltr'><em>Tacit&gt;</em></span> 
     </span>
     <span class='ocr_line' id='line_1_50' title="bbox 406 5775 770 5835; baseline -0.003 -2"><span class='ocrx_word' id='word_1_539' title='bbox 406 5779 433 5834; x_wconf 87' lang='lat' dir='ltr'><em>iu</em></span> <span class='ocrx_word' id='word_1_540' title='bbox 460 5777 507 5835; x_wconf 77' lang='grc' dir='ltr'><em>Ι111.</em></span> <span class='ocrx_word' id='word_1_541' title='bbox 532 5775 630 5832; x_wconf 66' lang='lat' dir='ltr'><em>Arcb!</em></span> <span class='ocrx_word' id='word_1_542' title='bbox 655 5775 770 5832; x_wconf 82' lang='lat' dir='ltr'><em>XXIII.</em></span> 
     </span>
    </p>
   </div>
   <div class='ocr_carea' id='block_1_6' title="bbox 0 0 2190 6252">
    <p class='ocr_par' dir='ltr' id='par_1_10' title="bbox 0 0 2190 6252">
     <span class='ocr_line' id='line_1_51' title="bbox 0 0 2190 6252; baseline 0 0"><span class='ocrx_word' id='word_1_543' title='bbox 0 0 2190 6252; x_wconf 95' lang='lat' dir='ltr'><em> </em></span> 
     </span>
    </p>
   </div>
  </div>
 </body>
</html>
