4372 6254
287 343 292 350 ·
366 325 436 381 XVI
1075 319 1310 376 PRAEFATIO.

473 511 656 598 Eroiqiona
694 512 838 596 corporis
877 510 977 596 leqnm
1011 510 1127 596 forma
1166 509 1277 572 ultima
1294 533 1295 536 ¹
1315 509 1432 571 mansit
1468 532 1488 570 a
1527 507 1704 592 leqishatore
1742 506 1880 591 quodam
1910 507 2021 593 facta.

365 618 477 682 Postea
509 618 650 697 librarii,
681 641 761 702 quas
790 617 922 701 quisque
952 615 1094 702 Eqioani
1121 615 1172 678 uel
1199 613 1351 678 Wtizani
1377 614 1517 678 novellas
1546 613 1692 699 adipisci
1713 615 1827 700 potuit,
1862 613 2021 678 interdum

367 728 460 789 etiam
496 727 602 810 capita
637 725 676 787 ab
707 723 843 810 Eroiqio
873 725 987 786 reiecta
1019 723 1068 786 cel
1096 735 1213 785 mutata
1243 745 1281 785 ea
1309 723 1489 806 antiquiori
1516 723 1660 806 corporis
1682 721 1798 808 forma
1828 735 2021 806 receperunt.

368 831 407 895 ,In
422 832 500 896 solis
523 829 684 894 codicibus
707 829 763 893 hoc
782 829 873 893 modo
890 831 1001 909 auctis,
1018 852 1095 914 quos
1110 830 1234 892 nomine
1249 829 1383 915 formae
1399 829 1543 914 culqatae
1558 827 1858 914 comprehendimus,
1875 828 2023 912 quamuis

366 962 427 1002 aon
451 939 546 1002 nnius
568 961 678 1001 reuera
693 939 758 1001 siat
772 937 916 1022 forrrme,
932 938 1126 1020 antiquiores
1141 935 1303 1014 editiones,
1321 936 1414 998 immo
1431 957 1534 998 omnes
1550 948 1681 1020 praeter·
1696 949 1819 998 nostras
1834 937 1923 998 nisae
1938 948 2021 998 sunt.
2041 958 2054 994 s

474 1043 591 1125 Restat,
623 1058 657 1107 ut
686 1045 821 1108 breuiter
851 1042 1045 1106 disseramus
1076 1039 1121 1106 de'
1143 1043 1301 1128 capitibus
1324 1041 1354 1104 V
1351 1039 1503 1104 II-XX
1526 1040 1726 1104 Collectionis
1756 1043 1839 1105 iuris
1861 1041 2021 1104 Romano-

376 1151 573 1238 Visiqothici,
597 1175 677 1235 quae
702 1153 733 1214 in
759 1149 992 1236 Supplementis
1015 1149 1115 1214 deusto
1139 1148 1306 1213 edidimus.
1352 1147 1562 1226 Oorzsentiunt,
1586 1162 1619 1210 ut
1641 1150 1764 1232 opinor,
1781 1149 1931 1233 plerique
1955 1149 2025 1212 ciri

369 1257 456 1321 docti
476 1261 509 1322 in
534 1281 579 1337 eo,
603 1257 689 1343 quod
710 1258 851 1343 Auqusto
877 1255 1052 1336 Gaudeuzi,
1077 1257 1136 1340 qui
1156 1280 1192 1319 ea
1223 1257 1351 1336 incenit,
1382 1257 1511 1334 errauit,
1543 1279 1612 1317 cum
1641 1279 1677 1318 ea
1700 1255 1888 1340 fraqmenta
1919 1255 2021 1341 lequm

369 1365 622 1428 Euriciaaarum
646 1387 710 1428 esse
734 1363 934 1426 rorrtendcret.
977 1362 1026 1425 Ile
1050 1376 1184 1448 tempore
1204 1386 1275 1425 cero
1295 1375 1322 1424 et
1340 1363 1452 1447 patria
1468 1385 1573 1425 eorum
1590 1385 1650 1425 non
1667 1361 1773 1424 eadem
1791 1375 1834 1426 est
1849 1362 2019 1426 consensio.

370 1470 420 1536 De
444 1495 506 1556 qua
530 1494 564 1535 re
580 1484 656 1556 post
671 1472 925 1534 commentarium
942 1493 1042 1534 meum
1059 1472 1093 1532 iu
1109 1468 1150 1531 N.
1169 1468 1266 1534 Arch.
1283 1467 1365 1546 XII,
1382 1493 1419 1554 p.
1438 1469 1576 1552 397399.
1594 1469 1790 1553 publicatum
1807 1467 2024 1532 disseruerunt
2043 1490 2068 1530 so

370 1577 414 1642 H.
431 1577 593 1656 Brunner,
609 1577 662 1640 ‘lh
681 1576 980 1664 Iiechtsqeschichte'
997 1575 1025 1656 I,
1043 1601 1080 1661 p.
1098 1577 1162 1638 325
1180 1590 1208 1640 ct
1223 1576 1262 1638 A.
1281 1575 1322 1639 B.
1341 1574 1493 1655 Schmidt,
1517 1577 1552 1640 in
1570 1575 1770 1661 ‘Zeitscbrift
1793 1575 1848 1639 der
1866 1573 2020 1662 6333939-

371 1683 530 1771 Stffmnq’
548 1683 609 1763 IX,
627 1707 665 1770 p.
683 1685 747 1746 236
760 1708 806 1768 sq.
824 1698 852 1748 ct
867 1682 929 1763 XI,
949 1707 984 1769 p.
1002 1684 1066 1745 215
1080 1707 1125 1768 39.
1165 1682 1345 1746 Nouissime
1368 1695 1470 1746 autem
1492 1683 1604 1746 iterum
1628 1683 1696 1766 ipsc
1719 1681 1874 1766 quaedam
1891 1684 2025 1767 exposed

372 1790 424 1853 ‘N.
439 1790 548 1854 Archi
561 1789 696 1870 XXIII,
713 1815 746 1875 p.
761 1791 903 1875 465399.
939 1791 981 1854 Η.
996 1789 1146 1854 Brunuer
1161 1791 1341 1875 suspicatur
1357 1791 1464 1875 capita
1481 1812 1540 1852 333
1549 1802 1626 1874 post
1639 1787 1776 1852 medium
1792 1789 1950 1852 saeculum
1967 1787 2020 1851 VI.

371 1899 542 1983 composita
573 1921 647 1975 3333,
678 1897 717 1959 Α.
744 1897 783 1959 B.
810 1895 955 1961 Schmidt
983 1921 1019 1961 ec
1039 1911 1119 1982 post
1146 1923 1176 1962 a.
1206 1898 1281 1975 536,
1312 1897 1529 1960 verisimiliter
1558 1909 1628 1960 aute
1658 1921 1687 1960 a.
1713 1897 1778 1958 550
1808 1897 1927 1981 scripta
1958 1919 2022 1958 esse

371 2007 546 2085 existimat,
576 2003 662 2088 quod
684 2005 833 2068 Bruuner
855 2005 984 2091 faenum
1008 2029 1072 2068 esse
1097 2005 1277 2090 suspicatur
1309 2005 1342 2068 in
1372 2028 1408 2067 33
1431 2017 1527 2089 parte
1550 2002 1749 2082 Provinciae,
1781 2027 1870 2087 quae,
1901 2028 1930 2066 a.
1956 2003 2020 2064 477
2043 2022 2070 2061 m

371 2113 410 2175 ab
440 2110 562 2174 Eurico
592 2112 739 2191 subiecta,
763 2135 827 2196 per
856 2111 990 2195 aliquod
1019 2125 1137 2197 tempus
1167 2137 1186 2174 a
1217 2110 1501 2196 Burqundionibus
1531 2111 1697 2191 tenebatur,
1728 2135 1758 2174 a.
1784 2110 1848 2172 510
1879 2109 1928 2172 cel
1957 2109 2022 2171 523

371 2232 472 2282 autem
496 2243 517 2282 a
539 2216 729 2281 Theoderico
748 2215 1000 2304 Ostroqothorum
1024 2241 1095 2304 reqe
1118 2233 1210 2304 capta
1234 2232 1284 2281 est.
1330 2216 1393 2280 Oui
1414 2215 1558 2281 Schmidt
1580 2219 1756 2283 assentitur.
1796 2215 1865 2303 qu
1890 2239 1961 2279 oerc
1985 2239 2024 2280 ex

372 2323 571 2410 Septimania
595 2326 749 2411 oriqinem
772 2327 910 2410 capitum
934 2325 1045 2388 ducere
1068 2325 1188 2388 malim.

446 2433 447 2436 ’
479 2432 534 2495 Ibi
554 2432 701 2496 calebant
717 2455 777 2518 per
801 2445 893 2496 toturn
916 2433 1074 2496 saeculum
1099 2431 1152 2496 VI.
1178 2432 1258 2518 leqes
1281 2429 1408 2495 Codices
1424 2429 1600 2494 Euriciani
1619 2431 1670 2493 cel
1690 2430 1857 2494 secundum
1874 2431 2023 2517 formam

369 2539 582 2626 principalem
615 2539 666 2602 cel
693 2539 861 2602 seecundum
885 2539 1032 2626 formam
1062 2552 1243 2602 rerumutam
1274 2539 1313 2602 ab
1343 2537 1537 2624 Leociqildo.
1592 2537 1751 2601 ‘Edictum
1782 2538 1879 2624 reqis’
1910 2550 2023 2617 autem,
2043 2560 2070 2599 so

372 2645 458 2731 quod
486 2633 615 2730 saepius
645 2645 801 2732 alleqatur
831 2647 866 2708 ia
897 2646 947 2709 his
981 2646 1148 2730 capitibus,
1179 2644 1392 2708 Euricianum
1423 2668 1487 2708 3333
1517 2644 1653 2707 codicem
1689 2646 1780 2708 etiam
1813 2643 1962 2730 Brunner
1997 2657 2025 2706 et

373 2751 517 2816 Schmidt
545 2752 721 2815 concedunt.
779 2750 967 2815 Tlueoderici
994 2751 1126 2815 edictum
1151 2775 1234 2830 roro,
1259 2776 1297 2814 ea
1319 2775 1379 2836 quo
1402 2751 1554 2814 rsonnulla
1578 2776 1616 2814 33
1638 2753 1794 2836 capitibus
1817 2751 1886 2814 illis
1912 2751 2024 2814 haiwta

372 2873 452 2938 suat,
477 2860 553 2944 quin
582 2883 645 2922 ¹una
676 2881 745 2921 cum
775 2859 853 2921 aliis
879 2856 1131 2944 Ostroqothorum
1163 2858 1281 2943 lcqibus
1311 2872 1339 2921 et
1368 2859 1518 2922 institutis
1549 2881 1644 2942 usque
1673 2857 1719 2921 ad
1746 2882 1863 2922 annum
1895 2858 1958 2919 526
1989 2859 2025 2920 in

373 2965 572 3051 Septimania
606 2965 749 3044 caluerit,
779 2964 947 3028 ..secundum
979 2989 1026 3043 ea,
1057 2989 1136 3050 quoe
1163 2964 1201 3026 F.
1228 2965 1348 3028 Kieuer
1378 2989 1478 3050 nuper
1508 2966 1651 3050 esposuit
1661 2967 1681 3044 ¹,
1711 2989 1772 3028 non
1803 2963 2022 3028 dubitaverim.

372 3072 539 3135 Auctorem
564 3085 663 3135 333333
696 3074 730 3134 in
753 3070 927 3136 Pras-incia
956 3073 1136 3135 scribentem
1160 3070 1280 3135 Eurici
1307 3072 1442 3136 codicem
1468 3085 1544 3158 post
1572 3086 1687 3135 terram
1718 3071 1809 3135 illam
1839 3097 1868 3134 a.
1895 3071 1958 3133 536
1991 3072 2024 3133 in
2044 3093 2073 3133 ss

374 3178 572 3242 Francorum
598 3177 747 3242 ditionem
771 3177 922 3242 traditam
945 3179 1134 3262 simplim'ter
1158 3178 1262 3264 ‘reqis’
1287 3178 1420 3242 edictum
1444 3179 1632 3264 appellasse,
1663 3179 1791 3242 minime
1821 3177 2022 3241 crediderim.

373 3284 473 3348 Immo
498 3286 641 3349 emistimo
665 3284 801 3348 codice-m
831 3285 922 3348 ullam
954 3286 998 3348 itu
1028 3285 1222 3348 solummodo
1252 3285 1392 3372 alleqari
1411 3288 1555 3370 potuisse
1584 3297 1730 3370 requente
1759 3309 1840 3370 reqe,
1871 3287 1929 3369 qui
1956 3308 2024 3348 eum

368 3392 597 3478 promulqaoit,
620 3393 686 3455 sire
710 3394 779 3476 ipso
795 3391 927 3471 Iiurim,
951 3393 1017 3455 sice
1032 3391 1231 3477 Leooiqildo,
1256 3394 1314 3478 qui
1335 3416 1403 3455 eum
1426 3395 1596 3456 renouauit.
1640 3391 1717 3456 Cum
1741 3416 1813 3456 uero
1831 3393 1887 3455 sub
1903 3391 2025 3454 Eurico

373 3500 481 3584 capita
505 3499 564 3562 illa
587 3522 649 3561 non
672 3499 736 3562 sint
764 3501 895 3584 scripta,
925 3499 981 3562 sub
1004 3496 1193 3584 Leooiqildo
1224 3523 1259 3563 ea
1290 3501 1323 3563 in
1348 3497 1546 3584 Septimania
1576 3499 1621 3563 ad
1648 3498 1857 3585 supplendum
1887 3498 2026 3564 codicem

374 3606 473 3692 lequm
499 3619 679 3668 renovatum
704 3606 754 3668 oel
775 3607 933 3690 privatim
956 3607 1087 3691 scripta,
1111 3605 1162 3668 ccl
1183 3630 1203 3669 a
1227 3605 1303 3668 duce
1334 3606 1385 3669 uel
1409 3605 1559 3690 praeside
1586 3607 1772 3692 prouinciae
1803 3606 1893 3670 illius
1923 3604 2026 3668 edicta
2045 3627 2073 3665 so

374 3735 438 3776 esse
462 3713 614 3775 eocistimo.
665 3710 757 3788 Quod
779 3711 990 3790 contraho-uc
1013 3736 1113 3776 meam
1137 3714 1315 3796 opinionem
1339 3711 1471 3775 allatum
1495 3726 1548 3792 est,
1578 3714 1684 3798 capita
1708 3711 1863 3798 quaedam
1894 3713 2026 3797 cestiqia

375 3819 475 3906 lequm
499 3818 766 3904 Burqundionum
792 3819 830 3900 (c.
859 3821 898 3880 13
923 3819 1020 3906 Leqis
1042 3818 1143 3906 Burq.
1172 3820 1222 3897 19,
1247 3819 1277 3898 3,
1302 3843 1327 3883 c.
1347 3820 1363 3880 7
1383 3833 1411 3882 et
1434 3819 1452 3880 9
1477 3819 1574 3906 53933
1596 3817 2024 3905 IlomanaeBurq.10.37)

374 3926 528 4006 eahibere,
552 3927 608 3988 urin
629 3926 840 3988 concesserim.

1115 4101 1219 4188 Caput
1239 4102 1287 4166 II.

915 4243 982 4315 De
1008 4243 1174 4317 codice
1199 4244 1481 4318 Eariciano.
2044 4275 2071 4315 u

480 4383 535 4447 En
568 4384 680 4461 tribus,
717 4395 750 4444 ut
784 4382 828 4445 ita
864 4381 1022 4462 dicamus,
1049 4383 1200 4469 fontibus
1234 4383 1429 4448 hauriendae
1462 4397 1534 4446 sunt
1568 4383 1666 4469 lequm
1697 4382 1817 4447 Eurici
1847 4385 2024 4462 sententiae,

373 4517 411 4557 33·
434 4491 540 4556 codice
557 4490 767 4576 palimpsesto
790 4487 952 4568 Parisino,
977 4503 1039 4552 tum
1064 4512 1103 4552 eoc
1124 4489 1207 4576 5393
1230 4489 1493 4570 Bciuoariorum,
1522 4489 1656 4575 denique
1679 4513 1717 4552 ea
1741 4491 1860 4576 leqibus
1883 4491 2027 4575 corporis

373 4595 663 4662 Ileccessviadiani.
711 4593 854 4660 Primum
879 4595 916 4660 de
939 4595 1045 4660 codice
1061 4597 1270 4682 palimpsesto
1294 4621 1433 4684 aqamus.

486 4701 592 4768 Oodec
619 4700 843 4766 Parisinus
873 4701 944 4766 Lot.
974 4703 1091 4784 12161,
1122 4703 1198 4766 olim
1225 4703 1431 4784 (lorbeiensis,
1463 4702 1576 4769 deiude
1607 4701 1719 4768 Sancti
1741 4703 1899 4769 German-i
1917 4703 2025 4768 Paris.

375 4811 495 4895 (‘Suint
520 4807 675 4873 Germain
699 4809 753 4873 des
775 4807 882 4892 Prls')
911 4809 1006 4887 1278,
1031 4811 1075 4872 8⁰.
1127 4807 1181 4896 Cf.
1207 4810 1244 4874 de
1268 4811 1323 4876 hoc
1347 4811 1452 4876 codice
1475 4811 1640 4875 ί77333333
1663 4814 1755 4877 traiti
1779 4813 1816 4876 de
1844 4811 2025 4897 diplomati·
2044 4832 2072 4871 ιο

375 4917 448 5004 quc’
488 4967 497 4998 ,
523 4941 557 5001 p.
583 4917 667 4997 483,
696 4915 764 4995 ΙΙΙ,
791 4940 824 5000 p.
851 4917 892 4979 52
909 4941 955 5000 sq.
983 4916 1046 4979 150
1062 4941 1128 5001 sqq.
1138 4941 1149 4997 ,·
1177 4915 1239 4997 IV,
1264 4941 1298 5002 p.
1324 4919 1388 4981 458
1404 4942 1470 5004 39.,·
1493 4918 1640 4981 ‘Archia’
1666 4918 1739 4998 VII,
1759 4943 1797 5005 p.
1821 4919 1902 4999 719,
1932 4915 2025 4997 VIII,

368 5048 407 5111 p.
434 5025 515 5105 114,
546 5022 672 5102 Blume,
701 5021 776 5086 ‘Die
806 5023 1032 5110 coestqothische
1056 5021 1214 5108 Arstr‘qua'
1241 5049 1275 5110 p.
1304 5024 1368 5088 III
1381 5049 1448 5110 sqq.
1480 5063 1524 5072 —-
1558 5023 1666 5089 Cadere
1694 5028 1864 5111 rescriptas
1894 5025 2028 5088 continet

375 5129 570 5216 Hieronymi
586 5144 614 5194 et
631 5128 797 5193 Germ-adii
812 5130 910 5194 libros
926 5129 986 5193 ‘De
1004 5131 1085 5194 ciris
1101 5130 1292 5195 illustribus’
1308 5155 1388 5195 saec.
1405 5131 1478 5197 VH.
1496 5133 1546 5196 ccl
1561 5131 1654 5196 VIII.
1672 5133 1784 5196 litteris
1799 5131 2027 5217 Merocinqicis

376 5239 523 5316 cursivis,
554 5260 633 5322 quae
664 5235 821 5316 dicuntur,
852 5239 995 5323 scriptos.
1048 5237 1151 5301 Antea
1181 5251 1283 5302 autem
1314 5240 1348 5301 iu
1378 5239 1539 5302 normullis
1561 5239 1664 5326 foliis
1698 5237 1826 5302 Codicis
1853 5237 2029 5302 5333333333ι

377 5344 457 5430 73933
479 5345 616 5428 scriptae
640 5357 729 5406 erant
752 5343 865 5407 litteris
887 5345 1067 5407 uncialibus
1093 5368 1174 5408 saec.
1200 5343 1252 5409 VI.
1300 5345 1491 5431 Fraqmenta
1515 5347 1565 5408 cel
1585 5346 1712 5430 sinqula
1741 5347 1871 5432 oestiqio
1899 5343 2027 5408 Codicis
2045 5366 2072 5405 ss

376 5450 554 5515 Euricicni
574 5464 695 5514 eastaat
717 5453 750 5514 in
775 5453 907 5536 paqinis
931 5451 1071 5515 83-86.
1098 5452 1239 5513 91-94,
1267 5451 1449 5514 103-106,
1477 5452 1663 5530 139-144,
1685 5453 1821 5538 poqinis
1847 5475 1919 5538 erqo
1951 5450 2026 5514 duo-

487 5678 516 5749 1)
542 5679 906 5756 ‘Versassuuqsqeschichte
930 5681 980 5738 der
1004 5679 1161 5738 Prooence'
1187 5675 1317 5755 (Lipsiae
1343 5675 1440 5755 1900)
1460 5701 1493 5756 p.
1511 5683 1526 5737 7
1542 5701 1583 5757 39.
