4448 6226
390 273 454 368 452
870 313 951 368 unx
974 311 1278 369 vlsreornoaun
1302 310 1369 378 xn,
1388 309 1418 380 a,
1435 309 1487 366 23.
1513 309 1564 366 24.

166 573 167 578 1
200 506 371 578 maes.
389 507 477 578 1555]
493 499 685 563 auctoritate
703 498 921 563 committitur.
954 497 1012 561 Ait
1028 498 1113 562 enim
1126 497 1266 583 Spiritus
1283 497 1347 580 ille,
1365 498 1457 562 cuius
1474 496 1585 562 orbem
1601 499 1722 563 veritas
1738 497 1854 584 inplet:
1873 497 2045 564 ‘Stabuntl

390 604 577 670 sacerdotes
607 606 642 669 in
671 604 801 670 iudiciis
838 605 919 669 meis
954 615 986 669 et
1023 603 1214 669 iudicabunt
1249 587 1339 691 leges
1376 627 1466 669 meas
1501 615 1534 669 et
1567 615 1724 693 precepta
1753 605 1847 670 mea'.
1900 605 2044 671 Proinde

389 712 477 777 omni
507 712 676 777 sacerdote
707 712 785 794 hec,
821 734 884 800 que
919 711 973 777 hic
1004 711 1165 798 conplexa
1199 721 1288 794 sunt,
1324 710 1479 798 inplenda
1512 711 1735 792 decernimus,
1772 714 1818 777 ita
1851 725 1887 777 ut
1921 712 2044 777 nullum

388 818 564 884 Iudeorum
587 842 647 906 pro
675 820 740 884 ritu
769 841 828 884 suo
859 819 1001 905 patiatur
1031 842 1052 883 a
1081 817 1227 906 quolibet
1256 817 1399 901 defendi,
1430 817 1553 882 nullum
1582 820 1682 902 tueri3
1714 819 1771 884 sed
1801 831 1972 906 exemptos
2002 819 2044 884 ab

390 949 501 991 eorum
525 927 724 1013 patrociniis,
750 948 887 1013 quorum
911 925 1078 991 favoribus
1108 926 1192 991 tueri
1219 925 1382 1008 videntur,
1412 926 1447 988 in
1471 927 1639 1012 potestatis
1664 949 1721 990 sue
1750 949 1863 991 curam
1893 926 2074 992 redactoss

388 1056 447 1120 pro
484 1055 596 1098 eorum
626 1033 824 1115 salvatione,
861 1033 938 1119 quid
969 1032 1032 1097 illis
1063 1032 1221 1098 catholice
1252 1032 1415 1118 agendum
1451 1031 1533 1098 forte
1569 1035 1758 1114 conveniat,
1795 1033 1968 1120 diligenter
1997 1036 2043 1098 in-

390 1141 540 1224 55555551
572 1151 670 1227 atque
694 1142 727 1204 in
751 1140 813 1204 hoc
837 1139 899 1204 illis
924 1141 985 1205 erit
1009 1139 1176 1204 sollicitior
1199 1161 1287 1222 cura,
1318 1161 1359 1203 ne
1383 1140 1417 1202 in
1440 1137 1639 1226 quibuslibet
1668 1140 1862 1226 supradictis
1894 1140 2044 1227 capitulis

388 1245 449 1312 hec
472 1247 630 1312 institutio
655 1247 839 1311 serenitatis
862 1257 971 1312 nostre
994 1256 1150 1333 tepescat.

199 1485 369 1560 xn,s,24.
388 1486 477 1556 1155]
775 1487 884 1543 XXIV.
924 1485 1092 1543 FLAVIUS
1116 1485 1338 1542 GLORIOSUS
1362 1485 1546 1542 ERVIGIUS
1571 1487 1660 1542 REX.

389 1602 448 1667 De
479 1601 940 1672 damnissacerdotum
970 1601 1036 1666 vel
1071 1599 1271 1685 iudicum,
1307 1603 1376 1688 qui
1410 1603 1451 1666 in
1484 1602 1638 1667 Iudeos
1672 1601 1807 1688 legum
1842 1604 2087 1669 institutam

961 1709 1181 1797 adinplere
1213 1708 1470 1774 distulerint.

497 1833 740 1900 Consulendnm
779 1847 828 1899 est
862 1836 915 1922 pie
951 1833 1174 1899 sacerdotibus
1210 1834 1348 1899 ecclesie
1383 1835 1465 1917 Dei,
1504 1857 1545 1898 nc
1585 1857 1643 1920 pro
1680 1834 1897 1922 delinquentis
1931 1834 2044 1922 populi

388 1942 571 2028 inpunitate
595 1953 769 2007 teneantur
791 1941 935 2007 obnoxii.
983 1941 1072 2023 Quid
1095 1941 1181 2006 enim
1205 1942 1347 2029 prodest,
1379 1943 1406 2005 si
1429 1965 1494 2007 non
1517 1943 1670 2028 puniatur
1700 1943 1837 2029 quisque
1868 1965 1937 2024 suo,
1970 1965 2044 2007 cum

388 2049 491 2136 possit
513 2060 623 2115 tamen
646 2049 751 2114 alieno
776 2049 885 2136 puniri
907 2048 1069 2136 peccato?
1115 2049 1159 2112 Et
1182 2048 1256 2114 ideo
1284 2048 1327 2113 ad
1356 2048 1470 2113 horum
1500 2047 1613 2113 talium
1643 2051 1802 2113 incuriam
1833 2049 2043 2114 excitandam

388 2155 484 2220 huius
518 2157 738 2243 preceptionis
773 2158 941 2221 sanctione
971 2155 1193 2239 decernimus,
1227 2167 1279 2237 ut,
1316 2156 1343 2220 si
1374 2154 1527 2242 quislibet
1556 2155 1747 2242 pontificum
1777 2166 1833 2220 aut
1863 2155 2043 2242 cupiditate
2062 2180 2086 2219 rs

387 2261 526 2327 inlectus
550 2273 607 2327 aut
629 2262 771 2350 maligne
795 2261 969 2328 voluntatis
993 2264 1121 2327 incuria
1144 2260 1272 2349 tepidus
1304 2262 1451 2350 predicta
1474 2262 1545 2343 hec,
1577 2285 1639 2348 qne
1664 2263 1753 2326 iussa
1775 2273 1850 2326 sunt
1873 2263 1907 2326 in
1930 2263 2042 2328 Iudeis

388 2368 531 2452 decreta,
557 2371 787 2457 contempserit
810 2370 989 2458 adinplere,
1014 2369 1138 2435 scilicet
1161 2381 1206 2452 ut,
1231 2369 1360 2435 detecta
1382 2369 1434 2434 vel
1457 2371 1607 2435 nuntiata
1625 2369 1755 2435 sibimet
1770 2380 1878 2434 errata
1893 2370 2042 2456 perfidie,

387 2474 477 2540 nulla
511 2476 662 2541 videatur
697 2478 849 2564 equitatis
885 2500 1024 2542 censura
1059 2477 1240 2562 corrigere,
1283 2487 1315 2542 et
1356 2479 1452 2541 trium
1494 2478 1653 2541 mensium
1694 2478 2043 2542 excommunicationis

387 2585 581 2648 sententiam
615 2583 761 2670 proferat
795 2595 827 2648 et
861 2607 958 2649 unam
996 2583 1113 2648 libram
1151 2584 1220 2649 auri
1256 2583 1297 2648 de
1332 2585 1399 2648 suis
1434 2581 1531 2649 rebus
1566 2584 1706 2670 propriis
1740 2584 1819 2648 fisco
1850 2583 2041 2648 sociandam

387 2689 523 2755 amittat.
571 2689 669 2771 Quod
693 2693 720 2754 si
743 2714 809 2756 non
832 2689 992 2773 habuerit,
1016 2691 1103 2755 unde
1128 2701 1300 2777 conponat,
1331 2713 1390 2755 sex
1413 2690 1579 2756 mensibus
1603 2689 1663 2754 sub
1688 2690 1788 2776 digna
1818 2693 2041 2756 excommuni-
2061 2715 2087 2754 ao

387 2797 524 2862 cationis
549 2820 688 2862 censura
710 2799 873 2884 persistat,
898 2808 931 2862 ct
954 2801 1087 2884 insuper
1117 2797 1159 2862 ad
1189 2797 1391 2884 tepiditatem
1422 2796 1508 2861 illins
1539 2796 1686 2863 socordia
1718 2797 1946 2882 corrigendam
1978 2799 2042 2864 sit*

388 2903 523 2968 cuilibet
545 2905 700 2991 episcopo
724 2904 858 2988 licitum,
882 2906 915 2969 in
940 2927 1003 2992 quo
1027 2904 1116 2969 zelus
1139 2904 1205 2968 Dei
1229 2903 1327 2968 fuerit
1350 2905 1521 2987 excitatus,
1544 2905 1618 2968 vice
1642 2903 1726 2969 illius
1751 2905 1897 2992 episcopi
1928 2905 2043 2970 talium

386 3010 584 3098 perfidorum
624 3022 731 3076 errata
769 3013 933 3097 corrigere
973 3023 1006 3076 et
1039 3011 1117 3094 hec,
1157 3034 1220 3098 quc
1255 3011 1308 3075 ille
1344 3010 1552 3096 neglexerat,
1588 3010 1772 3076 emendare.
1830 3011 1969 3092 Quod*
2004 3014 2042 3094 si,

547 3225 573 3305 *)
599 3239 650 3290 Pro
674 3236 710 3289 sit
735 3235 852 3290 cuilibet
875 3265 919 3272 —
944 3236 1096 3291 emendare
1119 3239 1240 3304 praedem
1259 3239 1320 3288 Vl.
1346 3241 1370 3288 5.
1395 3241 1426 3289 8:
1455 3235 1539 3289 aliurn
1568 3235 1721 3291 cuiuslibet
1750 3236 1913 3308 episcopum
1943 3236 2042 3291 talium

597 3341 770 3414 perfidorum
795 3349 889 3397 errata
918 3342 1004 3398 licoat
1034 3343 1187 3414 corrigere,
1218 3349 1248 3396 ct
1278 3341 1343 3409 hec,
1374 3360 1429 3412 que
1460 3342 1509 3398 illc
1539 3341 1707 3413 neglexerat
1738 3344 1900 3411 emendare,
1932 3345 2041 3415 absque
2061 3360 2086 3399 ss

598 3451 775 3506 annulatione
801 3451 944 3506 emendet.

531 3549 574 3626 **]
599 3555 682 3620 Quod
706 3559 728 3611 si
752 3587 795 3596 —
819 3557 964 3611 commissa
988 3563 1032 3611 est
1055 3557 1139 3625 (infra
1158 3577 1186 3624 p.
1206 3561 1258 3610 453
1282 3559 1298 3608 l.
1319 3557 1346 3621 6)
1368 3549 1578 3610 5155551555.
1599 3563 1623 3610 8.

491 3785 554 3845 XII,
575 3788 600 3844 3,
619 3786 661 3835 23.
705 3784 722 3834 1.
744 3787 766 3833 Ι.
795 3777 982 3846 committitur]
1003 3781 1196 3834 sollicitudinis
1216 3799 1280 3834 cura
1303 3785 1448 3835 committit
1470 3785 1494 3834 V
1507 3787 1531 3836 5.
1556 3786 1581 3836 8.
1636 3779 1692 3850 Ait]
1719 3793 1766 3836 ant
1792 3785 1858 3836 ΕΙ.
1915 3788 2042 3837 veritatis

390 3873 452 3924 Vs.
485 3873 494 3932 11
526 3875 542 3925 1.
563 3876 587 3924 2.
618 3871 705 3938 legem
725 3888 811 3922 meam
832 3873 895 3933 Vl;
923 3871 983 3938 lege
1003 3888 1063 3922 mea
1083 3872 1139 3922 VB.
1196 3872 1314 3923 Proinde
1334 3875 1367 3924 dc
1387 3875 1461 3924 omni
1480 3873 1548 3925 Pt'th.
1580 3873 1589 3936 1]
1621 3876 1638 3926 1.
1658 3877 1682 3926 3.
1712 3869 1794 3939 omni]
1813 3875 1850 3924 ita
1870 3875 1933 3925 ΕΙ.
1954 3875 2043 3936 155,-

384 3965 477 4014 omnia
497 3964 553 4012 Vl.
573 3964 598 4012 5.
618 3963 649 4023 8;
669 3963 795 4012 omnibus
814 3956 888 4010 Mad.
934 3962 1122 4012 sacerdotibus
1142 3961 1199 4010 Vs.
1218 3957 1307 4023 Mad.;
1328 3963 1471 4013 sacerdote
1491 3963 1559 4014 Pia.
1608 3980 1661 4028 qne
1681 3965 1724 4014 bic
1745 3962 1889 4030 complexa
1908 3959 1983 4028 sunt]
2004 3965 2042 4014 ita
2060 3977 2086 4016 so

389 4053 451 4102 Vl.
476 4053 499 4101 8.
526 4054 573 4112 103
600 4066 668 4115 quac
688 4051 732 4100 hie
753 4051 866 4100 anobis
887 4046 1220 4116 00151515555555515555,Ι
1243 4051 1293 4101 des.
1319 4051 1348 4100 E
1366 4054 1389 4102 1.
1417 4052 1484 4103 Pitb.
1539 4047 1677 4118 inplenda]
1703 4052 1869 4118 implicanda
1894 4053 1919 4099 V
1937 4056 1966 4114 13
1995 4071 2040 4104 ex-

382 4140 513 4206 plicanda
532 4141 589 4189 Vs.
622 4138 630 4198 1]
662 4141 679 4190 l.
699 4142 724 4189 4.
753 4140 898 4190 iudeorum
917 4139 983 4188 abest
1001 4139 1058 4188 Vr,
1078 4141 1103 4189 5.
1123 4141 1146 4189 8.
1184 4141 1322 4206 patiantur
1340 4136 1415 4190 Mae.
1457 4159 1473 4191 a
1492 4136 1625 4206 quolibet]
1646 4142 1681 4191 ab
1701 4141 1793 4206 aliquo
1813 4139 1881 4192 Pia.
1926 4138 2041 4206 nullum]

383 4229 541 4294 nullumque
561 4225 636 4278 Mad.
693 4231 762 4280 tueri
782 4229 847 4279 cient
866 4227 922 4277 Vl.
943 4230 967 4278 5.
988 4230 1012 4278 8.
1068 4228 1116 4278 aed
1136 4225 1285 4296 exemptos]
1306 4247 1335 4280 se
1356 4235 1471 4296 temptes
1491 4229 1516 4277 V
1526 4233 1548 4280 Ι.
1568 4231 1599 4291 8;
1619 4236 1739 4280 retentos
1759 4230 1814 4280 Vs.
1871 4231 1905 4280 ab
1931 4227 2039 4295 eorum]

383 4321 556 4371 Hebreorum
577 4318 635 4368 Vl.
660 4320 684 4369 5.
708 4320 732 4368 8.
765 4317 777 4378 11·
805 4318 821 4366 1.
842 4319 866 4367 5.
896 4311 1020 4382 quorum]
1047 4319 1094 4382 qui
1121 4333 1211 4367 eorum
1238 4317 1266 4368 Ε
1284 4321 1307 4368 Ι.
1334 4317 1402 4368 lta,
1456 4320 1528 4369 tueri
1554 4315 1690 4382 videntur]
1718 4321 1805 4370 videri
1830 4326 1943 4370 tuentur
1969 4321 1998 4370 Ε
2017 4325 2040 4372 1.

384 4410 527 4476 potestatis
547 4424 595 4459 sue
615 4404 717 4472 curam]
738 4413 899 4472 potestatem
919 4423 995 4457 suem
1016 4401 1089 4455 Mad.
1145 4403 1298 4472 potestatis]
1318 4408 1447 4472 potestati
1468 4407 1524 4457 Vs.
1544 4409 1568 4457 8.
1601 4406 1609 4469 Ι]
1641 4409 1657 4458 1.
1678 4409 1703 4458 6.
1731 4403 1807 4474 qnid]
1826 4410 1874 4460 sed
1893 4411 1961 4476 quid
1982 4411 2006 4459 V
2018 4413 2040 4460 1.
2059 4422 2085 4460 st

385 4498 493 4562 agenda
513 4497 568 4546 Vl.
613 4491 691 4561 forte]
710 4496 768 4546 lore
789 4491 862 4545 Mad.
889 4495 897 4556 1]
923 4497 940 4546 1.
955 4498 979 4547 7.
1001 4490 1092 4561 atque]
1114 4515 1130 4545 a
1150 4512 1204 4560 que
1224 4497 1281 4546 Vl.
1324 4490 1390 4559 illis]
1410 4495 1457 4546 ille
1476 4497 1533 4546 Vl.
1574 4491 1620 4562 ne]
1638 4503 1669 4547 ut
1687 4515 1721 4548 ne
1741 4499 1798 4547 Vl.
1824 4497 1833 4557 1]
1859 4499 1876 4548 ἱ.
1890 4501 1915 4548 8.
1937 4502 2040 4550 sereni-

384 4589 449 4638 tatis
468 4580 570 4650 nostre]
588 4591 681 4636 nostra
700 4581 776 4635 Mad.

492 4676 555 4736 XII,
575 4677 600 4734 3,
620 4677 662 4724 24.
702 4675 778 4724 Codri.
799 4674 860 4723 El.
881 4674 937 4724 Vl.
958 4676 982 4723 5.
1005 4671 1054 4736 16].
1074 4675 1098 4724 8.
1122 4673 1524 4736 (10).-1.9.FL.·-REx
1542 4675 1592 4724 dea
1612 4674 1670 4725 V8.
1708 4675 1814 4726 GLOR.
1832 4676 1898 4726 deest
1918 4677 1975 4726 Vl.
1998 4680 2039 4728 10.

383 4765 401 4816 l.
424 4767 465 4814 ΙΙ.
502 4765 612 4815 Iudaeis
640 4763 707 4812 Pila.
766 4762 906 4828 adinplere
934 4756 1100 4828 distulerint]
1128 4761 1238 4828 implere
1267 4762 1439 4828 neglexerint
1467 4758 1540 4814 Mad.
1578 4762 1588 4825 1]
1626 4765 1643 4814 1.
1665 4767 1706 4814 12.
1737 4759 1799 4828 Dei]
1828 4766 1936 4816 divinae
1965 4767 2039 4820 Mad.

385 4853 605 4918 delinquentibus
630 4851 737 4918 populis
758 4852 820 4914 Vl;
847 4851 1098 4917 derelinquentibus
1125 4850 1234 4917 populis
1261 4852 1331 4914 V8;
1358 4852 1521 4902 delictorum
1547 4851 1642 4919 populi
1667 4849 1743 4900 Mad.
1775 4851 1783 4912 1]
1815 4855 1835 4904 1.,
1854 4856 1893 4904 13.
1922 4856 2040 4920 impuni-
2057 4868 2084 4905 50

384 4945 448 4994 tatis
474 4944 498 4990 V
514 4945 543 5004 13
568 4943 695 5007 impuniti
722 4941 784 4991 Vs.
816 4939 825 5000 1]
857 4943 874 4992 1.
896 4944 937 4992 14.
965 4940 1056 4992 alieno
1075 4936 1177 5007 puniri]
1202 4939 1293 4991 alieno
1320 4942 1442 4992 cohiberi
1468 4942 1492 4991 V
1509 4943 1537 5004 1;
1564 4943 1686 4992 cohiberi
1713 4949 1806 4993 extero
1832 4942 1895 4992 Vb.
1922 4945 1947 4992 8.
2005 4945 2040 4994 ad

383 5026 490 5096 horum]
510 5034 623 5083 duorum
644 5031 700 5081 Vl.
721 5034 751 5093 ⁸3
778 5032 812 5082 ad
832 5047 925 5081 eorum
943 5039 997 5081 cett.
1053 5026 1194 5092 incuriam]
1213 5031 1340 5080 iniuriam
1360 5029 1423 5080 El.
1443 5029 1511 5080 Pitb.
1567 5026 1747 5093 excitandam]
1767 5031 1948 5082 execrandam
1968 5033 2039 5082 Ista.

384 5123 401 5173 1.
423 5124 463 5172 15.
491 5116 583 5184 huius]
603 5123 658 5172 vim
678 5121 739 5170 ΕΙ.
760 5120 828 5171 Pia.
875 5122 1057 5186 preceptionis
1076 5115 1226 5182 sanctione}
1247 5119 1423 5185 preceptione
1444 5119 1468 5166 V
1478 5122 1500 5169 Ι.
1521 5121 1550 5182 83
1570 5121 1753 5185 preceptionis
1773 5137 1787 5170 e
1806 5121 1948 5171 sanctione
1969 5121 2057 5172 lta

384 5205 523 5277 quislibet]
543 5211 656 5276 quilibet
676 5205 749 5260 Med.
782 5209 790 5269 1]
822 5211 839 5260 l.
861 5211 901 5259 16.
929 5205 1012 5272 iussa]
1034 5211 1092 5260 visa
1111 5209 1174 5259 El.
1193 5207 1264 5258 Pitb.
1316 5209 1416 5258 iudces
1440 5203 1515 5258 Mad.
1547 5207 1555 5268 1]
1587 5209 1604 5258 1.
1625 5210 1666 5259 17.
1696 5203 1897 5274 contempserit]
1918 5208 2041 5262 nolucrit

383 5300 455 5350 iliad.
510 5300 553 5350 vel
583 5301 707 5350 nuntiata
731 5299 783 5349 des.
806 5299 867 5350 Vl.
891 5303 916 5350 5.
941 5303 965 5353 8.
1020 5293 1120 5362 errata]
1141 5299 1267 5348 oberrata
1286 5297 1342 5346 Vl.
1363 5299 1387 5347 8.
1420 5296 1429 5358 1]
1461 5299 1477 5348 1.
1501 5299 1540 5347 18.
1569 5313 1709 5349 mensuum
1730 5297 1791 5347 ΕΙ.
1824 5298 1833 5358 1]
1865 5299 1880 5347 1.
1905 5301 1945 5348 19.
1976 5317 2038 5364 pro·
2058 5313 2086 5352 45

384 5385 464 5452 serat]
491 5389 528 5439 ita
553 5388 581 5439 Ε
599 5393 622 5439 1.
649 5389 672 5437 V
690 5392 718 5450 13
745 5389 863 5454 perferat
887 5397 941 5438 cett.
973 5387 982 5448 1]
1014 5390 1092 5438 1.·20,
1123 5388 1206 5452 digne
1228 5387 1294 5438 dean
1319 5387 1391 5437 ⁴llud.
1423 5387 1431 5446 1]
1464 5388 1480 5437 1.
1501 5387 1542 5436 21.
1571 5382 1705 5450 socordis]
1727 5387 1764 5438 ita
1788 5386 1814 5436 Ε
1831 5391 1853 5437 1.
1878 5387 1947 5451 1753
1975 5407 2040 5440 con·

383 5479 476 5530 cordie
497 5478 559 5540 Vl;
580 5477 631 5528 zeli
650 5479 794 5529 socordiae
814 5477 1039 5538 Pitlr.;incnriae
1058 5477 1116 5526 Vs.
1136 5472 1209 5526 Mad.
1242 5475 1250 5536 11
1282 5477 1298 5526 l.
1319 5477 1362 5526 23.
1390 5475 1522 5526 illerleest
1542 5475 1602 5525 ΕΙ.
1650 5477 1729 5538 Quod
1749 5471 1781 5540 si]
1801 5477 1881 5538 Quod
1901 5477 1966 5528 ΕΙ.

492 5685 521 5757 1)
548 5686 650 5743 aaa
678 5687 728 5756 44,
755 5685 806 5742 24.
