4372 6254
348 279 448 334 XXVI
1060 279 1296 334 PRAEFATIO.

351 468 513 532 codicibus
543 491 648 552 pauco
686 482 870 531 monuerunt
904 467 1038 530 editores
1075 469 1107 530 in
1135 467 1281 553 proloqi]
1314 469 1404 530 cuius
1431 469 1574 552 pnqiiiae
1605 469 1639 531 iii
1674 467 1809 532 editione
1840 493 1900 533 non
1935 485 2010 534 sunt

350 587 541 652 numeratae,
559 576 694 661 paqinis
712 576 730 636 3
748 589 776 637 et
794 575 868 658 tsq.
909 574 984 636 Post
999 575 1169 660 proloquiis
1186 573 1224 636 de
1240 573 1401 637 codicibus
1418 574 1547 638 Latinis
1564 575 1659 638 nimis
1676 576 1819 656 breriter,
1836 577 1954 662 fusius
1971 576 2009 640 de

356 679 544 744 Castitianis
567 683 754 767 retinentem
780 681 876 744 editio
893 681 1027 766 praebet
1043 681 1281 766 praefatione-ni
1306 680 1430 744 domini
1450 679 1638 744 Eiiianuetis
1662 681 1700 744 do
1723 681 1931 762 Lardiznbal,
1957 685 2013 747 cni

352 787 556 850 inscribit-ur:
587 787 753 852 ‘Discurso
783 790 872 850 soli-re
903 788 933 850 la
967 786 1150 873 leqislacion
1181 786 1219 848 cie
1250 787 1296 850 los
1326 788 1494 872 ioisiqodos
1521 789 1753 874 yfornuicion
1784 789 1837 851 dd
1859 788 1960 853 Libro
1992 791 2012 853 o'

352 893 387 955 F
386 917 457 956 uero
489 893 526 956 de
558 895 604 958 tos
629 895 746 980 jueces,
774 919 796 979 q
826 919 863 956 sn
894 897 1017 957 cersion
1053 893 1247 957 (tristettuua’
1272 918 1309 978 p.
1339 893 1528 956 III—XLI
1532 895 1588 956 V.1
1640 894 1767 958 Tectum
1796 895 2041 959 Castilianumo

351 1000 441 1064 nobis
473 1000 545 1063 ticet
574 1001 748 1087 rieqliqere5
780 1001 818 1063 de
848 1015 930 1064 tectu
953 1000 1070 1064 Latino
1101 1001 1190 1063 nobis
1219 1000 1260 1066 F.
1285 999 1430 1080 Btntme,
1455 1000 1696 1065 ‘Tertestcritito’
1721 1027 1757 1088 p.
1784 1004 1865 1086 4sq.
1892 1005 2010 1066 ocriter

350 1105 408 1170 sed
430 1108 509 1170 iuste
535 1107 692 1170 iudicasse
719 1107 850 1172 ridetur.

459 1215 489 1278 8.
538 1213 573 1275 F
570 1214 767 1277 erdinandus
798 1213 925 1292 Walter,
956 1216 1015 1299 qui
1045 1214 1125 1276 idem
1150 1215 1228 1300 fere
1259 1214 1296 1277 de
1328 1214 1462 1278 editione
1493 1215 1678 1278 Matritensi
1712 1216 1864 1278 iudicium
1901 1216 2010 1279 tulisse

353 1320 487 1398 ridetur,
512 1320 609 1406 Leqis
630 1320 860 1405 Visiqotliorum
884 1334 997 1383 tortum
1022 1323 1195 1406 composuit
1217 1343 1273 1406 ope
1296 1321 1468 1384 editio-num
1492 1321 1734 1408 Lindeubroqii,
1762 1321 2010 1402 Matritensium,

353 1425 522 1511 Bouqueti,
547 1450 635 1510 quem
653 1428 835 1512 publicarit
859 1429 891 1490 in
916 1425 1068 1512 Corporis
1094 1429 1174 1490 iuris
1200 1427 1388 1491 Gerinonioi
1409 1431 1536 1513 anti-'qni
1557 1443 1636 1492 tomo
1659 1428 1688 1508 I,
1711 1455 1750 1515 p.
1776 1431 1962 1494 415-669.
2030 1453 2055 1491 io

461 1535 490 1596 9.
537 1533 566 1594 T
564 1547 663 1596 ertum
691 1535 822 1596 tatinum
848 1534 997 1598 editionis
1020 1533 1218 1597 Matritensis
1241 1559 1325 1618 pure
1355 1537 1457 1620 repeti
1476 1537 1563 1622 fecit
1585 1535 1761 1600 Academia
1774 1515 1777 1522 Δ
1791 1539 1880 1622 reqio
1910 1539 2010 1600 soien-

354 1642 471 1704 tiorum
507 1639 739 1724 Olisiponeiisis
769 1643 802 1704 in
832 1655 911 1703 tomo
936 1643 1046 1726 primo
1077 1643 1198 1726 operi's,
1235 1639 1320 1724 qnod
1351 1643 1547 1705 intitulatur:
1580 1641 1783 1728 Portuqati'ae
1814 1657 2011 1706 monumento

354 1747 516 1826 historico,
541 1745 658 1832 Lequin
685 1749 745 1811 ait.
770 1746 795 1808 Ι
814 1747 995 1832 (Olisipoiie
1022 1749 1117 1826 1856,
1134 1747 1229 1834 foi),
1254 1773 1291 1833 p.
1319 1750 1457 1816 1-133,

464 1854 515 1918 10.
555 1853 651 1940 Leqis
673 1853 902 1939 I'isiqotiiorurn
919 1855 1065 1941 formam
1083 1853 1403 1918 Rcccossnindi'anain
1420 1858 1530 1939 primo
1554 1855 1713 1918 edidimus
1737 1858 1771 1920 in
1788 1857 1888 1920 libro:
1911 1857 2012 1944 Leqes

363 1961 593 2046 Visiqotliorum
616 1963 820 2044 antiquiores.
860 1960 979 2023 Edidit
994 1961 1137 2024 Karolns
1152 1961 1284 2024 Zenmor
1302 1961 1371 2032 (suti
1387 1961 1453 2024 olio
1470 1963 1577 2025 n'tnto:
1594 1962 1707 2025 Fontes
1725 1965 1806 2026 iuris
1824 1963 2015 2028 Germanioi
2030 1985 2057 2024 is

355 2070 484 2152 antiqui
521 2069 551 2130 in
595 2091 680 2130 usum
721 2068 899 2130 scholaram
939 2092 978 2130 on
1014 2067 1225 2130 dionumentis
1266 2068 1457 2132 (iernioiiioe
1496 2069 1656 2132 historicis
1694 2073 1866 2154 separatim
1906 2069 2011 2154 editi),

355 2174 566 2238 Ilaruiocerae
590 2189 618 2237 et
640 2173 774 2260 Lipsiae
801 2175 896 2254 1894,
921 2175 966 2238 8⁰.

994 2369 1049 2434 De
1079 2371 1151 2434 itae
1181 2371 1372 2434 editione.

464 2494 653 2558 Proebonius
677 2519 759 2558 ritino
785 2519 888 2558 oni-nes
911 2495 1044 2580 formas
1070 2495 1167 2580 Leqis
1192 2495 1431 2580 Visiqottiorum,
1462 2511 1490 2559 et
1512 2496 1831 2561 Reocessoindinnoin
1863 2511 1891 2561 et
1912 2498 2010 2562 Eroi-

355 2603 486 2687 qioiioni
518 2615 546 2664 et
575 2602 714 2665 nocellns
746 2603 827 2687 leqes
857 2601 907 2664 oet
936 2615 1182 2687 ectraoaqantes,
1214 2603 1327 2686 quibus
1356 2601 1479 2667 additis
1509 2628 1544 2666 ec
1568 2605 1694 2690 forma,
1726 2629 1820 2690 quom
1852 2605 2011 2692 oiilqotam
2031 2627 2057 2666 io

357 2708 504 2784 di'oiinus,
528 2708 679 2795 efficitur.

467 2814 602 2878 Fornins
625 2814 945 2878 Iieccessrindicii-ain
969 2829 996 2878 et
1019 2814 1229 2901 Eriiqianam
1255 2818 1393 2902 inthras
1417 2818 1582 2880 lectoribus
1611 2832 1681 2880 anto
1705 2819 1809 2880 oculos
1832 2820 2012 2904 posuimus,

360 2923 417 2984 ulii
437 2936 581 2986 accurrate
605 2923 805 3001 conscindant,
837 2946 896 2985 imo
927 2937 1008 2986 tertie
1042 2937 1202 3007 utromque
1233 2923 1531 3008 conqiretiendentes,
1565 2925 1620 2988 aiii
1647 2926 1728 2988 inter
1757 2949 1789 2987 se
1820 2924 2012 3009 discrepant,

359 3029 481 3092 duabus
505 3030 658 3092 columnis
681 3043 846 3114 separatas
870 3053 922 3092 eas
952 3031 1093 3114 euprimi
1113 3031 1282 3115 ¹facientes,
1316 3032 1348 3091 iii
1374 3031 1488 3114 priori
1514 3031 1657 3094 columna
1681 3029 2011 3114 Remiessoindionam,

360 3137 392 3199 in
424 3135 524 3198 altera
555 3135 778 3222 Eroiqianom,
811 3138 853 3200 iis
884 3161 963 3220 qnae
993 3136 1174 3221 Erriqiaiui
1205 3161 1243 3198 cc
1271 3135 1558 3200 Iieccessoi'ndicnn
1586 3161 1667 3222 pure
1697 3140 1809 3222 repetit
1837 3139 2013 3202 minorihus
2032 3159 2058 3199 ss

359 3243 474 3306 litteris
509 3245 674 3326 capressis.
736 3243 802 3306 Ubi
837 3267 909 3306 roro
943 3244 1011 3306 sota
1047 3242 1334 3306 liescessrindiann
1369 3267 1423 3306 soii
1456 3244 1523 3307 sola
1560 3244 1741 3330 Eroiqinnn
1768 3246 1883 3331 forma
1919 3259 2015 3330 caput

361 3347 521 3434 quoddam
545 3363 599 3412 aut
624 3351 714 3413 rerba
739 3349 894 3434 quaedam
919 3351 1068 3428 ealiiiiuit,
1093 3350 1149 3412 linc
1172 3374 1246 3412 casu
1270 3375 1290 3412 o
1314 3365 1409 3434 purte
1434 3351 1534 3429 leison,
1561 3351 1616 3413 ttto
1640 3374 1715 3413 casu
1738 3376 1758 3413 a
1781 3365 1877 3436 parte
1901 3351 2012 3415 deutra

353 3479 479 3542 parone
503 3456 663 3518 columnae
686 3459 822 3540 spatium
842 3481 972 3520 *oocnnm
989 3457 1193 3540 reli'qnimus,·
1211 3469 1341 3541 praeter
1357 3457 1478 3519 titudinis
1496 3455 1577 3536 XII,
1595 3458 1625 3536 3,
1642 3480 1729 3542 quem
1747 3457 1815 3520 solo
1831 3456 2014 3544 Erriqiann

330 3573 333 3580 '
353 3563 470 3650 forino
505 3563 603 3627 luiiiet.
664 3563 729 3626 [ilii
762 3577 892 3648 utraque
920 3564 1034 3650 forma
1071 3563 1200 3626 einuiem
1235 3577 1348 3625 tortum
1376 3565 1525 3648 praebet,
1562 3563 1703 3626 diversos
1737 3578 1837 3626 aretem
1874 3567 2013 3652 capitum

362 3694 516 3748 ninneros,
541 3694 701 3732 iuimcrum
726 3669 940 3755 Erriqinnuin
964 3669 1249 3733 Iieccessrindiano
1273 3671 1398 3733 uncinis
1422 3671 1576 3733 inclusum
1600 3670 1797 3734 addidimus.
1845 3670 2012 3736 Praetereo
2033 3693 2061 3734 so

362 3779 478 3854 omnia,
503 3800 582 3861 quae
607 3801 669 3839 nuo
693 3801 732 3839 en
755 3791 885 3860 utraque
901 3777 1016 3862 forma
1041 3776 1140 3854 iratist,
1157 3791 1233 3861 post
1254 3778 1378 3862 siqnnm
1395 3775 1524 3860 Reno]
1544 3778 1594 3840 cet
1609 3777 1719 3862 Bm]
1737 3780 2013 3862 posuimus,qu

360 3907 432 3946 oero
456 3897 587 3968 utraque
610 3883 701 3947 tutet
715 3897 791 3968 post
813 3885 928 3947 Reoo.
952 3881 1072 3966 Erv.].

443 4031 444 4036 κ
473 3988 623 4054 Codicum
650 3990 678 4051 V
698 3991 837 4076 (jo-innuo
861 3989 1017 4074 iiudqatae)
1044 3991 1153 4052 coriae
1178 3989 1331 4069 lectiones,
1355 3991 1395 4068 si,
1420 3989 1505 4073 quod
1519 3990 1709 4074 plerumque
1724 3991 1776 4076 flt,
1793 4004 1891 4054 tortus
1906 4017 2012 4056 corum

361 4098 463 4182 iiioqis
487 4120 556 4160 cum
572 4097 687 4182 forma
712 4095 893 4182 lincopiensi
917 4098 1067 4174 concessit,
1094 4096 1155 4176 dli,
1178 4099 1211 4159 si
1232 4121 1302 4160 oero
1327 4121 1395 4159 cnm
1419 4096 1717 4176 Beccessoindiann,
1748 4097 1834 4182 quod
1856 4099 2013 4162 interdum

353 4205 405 4289 fit,
430 4205 581 4280 convenit,
604 4202 910 4265 Reocossrindianoe
932 4204 1086 4265 subiectae
1109 4217 1188 4266 sunt.
2032 4227 2061 4268 ss

468 4309 586 4395 Leqnm
611 4309 650 4371 ab
674 4307 810 4396 Erm'qio
834 4309 1066 4372 emendatorum
1093 4311 1313 4394 inscriptiones
1336 4312 1495 4395 antiquos,
1526 4335 1605 4395 quas
1635 4311 1757 4374 codices
1786 4312 1934 4374 non-nulli
1961 4313 2013 4376 iiic

362 4417 431 4479 illic
455 4417 600 4480 inmerito
624 4417 827 4494 retinuerunt,
852 4439 890 4478 ou
913 4429 994 4478 tenta
1018 4417 1052 4478 in
1075 4429 1266 4500 apparatum
1290 4417 1478 4482 remisimus.

468 4522 567 4609 Leqes
596 4522 737 4586 novellos
760 4521 903 4608 Eqicani
923 4535 952 4585 et
973 4521 1125 4585 Witizoni
1146 4546 1251 4608 requm
1282 4537 1310 4585 et
1338 4524 1481 4610 sinqnlas
1511 4523 1665 4610 quosdam
1696 4526 1901 4610 antiquiores,
1932 4549 2012 4610 quoe

360 4654 456 4714 neque
481 4631 514 4693 in
538 4653 668 4714 corporo
693 4628 987 4708 Reccessciadiano,
1011 4653 1109 4713 nsque
1133 4631 1166 4692 in
1190 4628 1368 4716 Eroiqiono
1392 4645 1531 4716 receptae
1561 4645 1659 4710 erant,
1685 4632 1760 4694 illas
1783 4645 1859 4716 post
1887 4634 2011 4718 siqnnm

360 4736 485 4821 Nov.],
511 4737 568 4800 iias
592 4739 688 4821 quusi
709 4749 945 4823 entraoaqantes
961 4750 1037 4822 post
1059 4738 1183 4822 siqaum
1199 4736 1327 4820 Eoetrd
1346 4761 1379 4800 eo
1397 4738 1462 4800 loco
1479 4739 1678 4817 inseruimus,
1705 4739 1761 4801 uti·
1773 4752 1828 4801 cut
1846 4739 2012 4801 meliorum
2030 4763 2060 4802 co

360 4843 502 4906 codicum
537 4846 708 4908 nicotoritas
743 4857 798 4906 out
830 4867 952 4922 remim,
989 4843 1026 4906 de
1061 4845 1174 4928 quibus
1208 4857 1313 4930 aquiit,
1349 4845 1431 4907 ratio
1463 4847 1632 4929 persuasit.
1690 4844 1855 4908 Nonnulla.
1889 4869 1928 4908 etc
1962 4845 2012 4909 tiis

359 4951 516 5036 eeqiitibus
552 4951 632 5014 libri
659 4951 871 5035 manuscripti
895 4949 1028 5036 forma-e
1063 4951 1206 5036 oatqatae
1236 4964 1264 5013 et
1297 4952 1331 5013 in
1362 4952 1571 5036 capitulorum
1607 4953 1657 5014 ret
1690 4976 1815 5015 erorum
1850 4951 2012 5016 indicibus

359 5058 496 5143 sinqutis
518 5058 619 5121 titulis
643 5059 835 5143 praemissis
866 5055 1011 5119 indicant
1039 5070 1067 5119 et
1096 5058 1129 5120 iii
1158 5058 1240 5142 ipsis
1270 5057 1370 5120 titulis
1400 5081 1505 5120 eornm
1536 5072 1634 5121 tentus
1663 5059 1719 5121 sub
1750 5060 1842 5122 certis
1872 5061 2012 5122 numeris

351 5165 516 5250 praebent.
568 5163 643 5227 Citio
669 5178 770 5226 uiriien
794 5163 916 5227 codices
939 5187 1036 5248 neque
1060 5165 1165 5226 omnio
1189 5165 1295 5248 capita
1319 5164 1379 5227 ttta
1402 5164 1506 5227 taliter
1531 5166 1564 5227 in
1588 5164 1731 5228 ordi-nem
1754 5167 1859 5250 operis
1883 5165 2011 5228 redacta

468 5420 497 5490 1)
527 5420 633 5476 Deesse
659 5419 789 5476 videntur
810 5440 843 5495 p.
869 5419 893 5475 Ι.
919 5419 959 5489 II,
991 5439 1063 5495 quoe
1087 5429 1179 5477 tannen
1203 5419 1280 5491 solio
1304 5417 1413 5475 timtari
1434 5418 1630 5476 attribuendae
1651 5429 1724 5477 sunt.
1771 5420 1851 5478 Inter
1872 5441 1905 5496 p.
1931 5421 1969 5478 II
1987 5429 2013 5476 et
2028 5437 2059 5476 ts

358 5525 415 5596 III,
446 5526 492 5583 nbi
514 5527 656 5583 discursis
679 5526 725 5582 itte
747 5525 853 5601 incipit,
883 5545 934 5583 sea:
957 5526 1038 5598 solio
1065 5547 1121 5583 non
1147 5525 1322 5602 paqinaruni
1353 5525 1477 5582 numeris
1505 5526 1628 5604 siqnoto,
1655 5528 1805 5604 proloquia
1837 5527 2010 5584 ocininentio

352 5641 422 5708 post
441 5632 548 5690 inserto
570 5641 642 5689 sunt.
