4478 6246
675 335 755 389 nex
779 327 1082 392 vrsrcornonuu
1106 335 1144 406 11,
1163 337 1192 406 4,
1211 335 1240 392 6.
1263 337 1292 392 1.
1772 331 1813 392 99

159 528 266 599 Beue-l
291 532 359 586 tum
382 543 441 608 per
470 522 690 586 testimonium
720 524 790 587 eius
820 521 958 609 perdere
984 521 987 592 Η
1014 531 1101 601 ΗΜ]
1120 537 1202 588 ficare
1223 535 1295 587 uitru
1314 554 1369 588 non
1388 540 1502 589 noverit.
1548 539 1629 600 Quod
1654 539 1676 588 si
1703 532 1954 605 1111011111,4,8.

159 627 281 710 debuit,
306 639 339 693 et
362 650 397 694 ee
421 629 595 694 testificare
619 628 704 694 ultra
726 652 793 694 nou
819 631 957 696 noverit.
1014 643 1069 694 loci
1087 660 1205 709 persone
1224 651 1266 694 eet
1285 651 1313 695 et
1336 661 1391 694 nou
1414 645 1541 696 hebuerit
1567 645 1639 695 unda
1666 652 1814 710 conponat,

160 735 255 817 Quod
279 737 307 799 si
330 737 463 800 minoris
487 735 551 800 loci
580 759 722 823 persona
752 747 801 802 est
831 748 864 802 et
893 761 958 802 non
1012 753 1072 816 ipse
1092 751 1216 800 tradetur
1235 753 1262 801 in
1282 757 1419 818 potestate
1438 751 1487 812 1111,
1508 759 1604 803 eontra
1621 751 1813 818 quemfalsunr

159 842 310 907 habuerit
331 843 418 907 unde
443 852 615 929 conponat,
646 845 716 930 ipse
747 843 895 909 tradatur
923 846 957 907 in
1013 859 1199 909 testimonium
1228 859 1341 918 dixerat,
1370 860 1528 910 servitum.
1575 844 1660 910 Nam
1683 846 1813 910 omnino

125 962 317 1036 eporestate
347 950 411 1032 illi,
444 961 557 1015 contra
587 973 684 1038 quem
717 950 836 1015 falsum
869 953 958 1016 testi·
1012 973 1072 1037 per
1101 951 1213 1014 talium
1243 952 1478 1032 testimonium,
1511 953 1567 1038 qui
1599 974 1633 1015 se
1664 953 1814 1038 primitus

158 1059 302 1123 monium
332 1057 477 1140 dixerat,
509 1059 697 1123 serviturus.
752 1058 957 1146 Quicumque
1013 1057 1096 1122 falsa
1130 1057 1322 1122 testificasse
1356 1057 1575 1144 prodiderint,
1611 1082 1711 1123 cauea
1743 1060 1814 1146 ipsa

159 1175 266 1228 autern
285 1164 338 1230 vel
361 1163 521 1230 beneficio
545 1167 725 1252 corruperit
747 1165 890 1253 aliquem
905 1165 958 1230 vel
1012 1162 1138 1228 revolvi
1184 1186 1248 1228 non
1287 1165 1422 1250 poterit3
1470 1175 1608 1251 excepto
1648 1167 1676 1228 ei
1720 1165 1815 1230 aliter

159 1273 436 1337 circumventione
449 1271 594 1359 qualibet
608 1272 958 1338 falsumtestimonium
1013 1270 1195 1336 evidentior
1223 1271 1302 1335 ordo
1327 1272 1473 1335 veritatis
1505 1263 1667 1355 claruerit,
1699 1272 1733 1337 id
1763 1283 1812 1337 est

159 1379 268 1443 dicere
291 1379 500 1466 persuaserit,
532 1378 609 1443 dum
632 1378 767 1444 evidens
791 1379 886 1444 huius
909 1381 958 1444 rei
1012 1389 1068 1443 eut
1102 1401 1161 1465 per
1195 1378 1374 1464 legitimum
1409 1376 1508 1442 alium
1544 1388 1576 1442 et
1610 1378 1813 1444 melioratum

113 1509 139 1547 ro
158 1496 365 1551 conmentum
396 1487 551 1572 patuerit,
585 1497 653 1550 tam
686 1497 780 1551 autor
814 1485 957 1568 sceleris,
1012 1495 1127 1550 testem
1159 1495 1215 1550 aut
1247 1508 1307 1571 per
1335 1487 1436 1550 iustos
1468 1497 1500 1549 et
1529 1485 1652 1571 legales
1683 1485 1813 1550 ordines

158 1594 214 1679 qui
245 1593 277 1656 in
308 1593 472 1657 interitum
505 1593 645 1657 intendit
674 1592 824 1676 alterius,
860 1616 957 1681 quam
1013 1594 1182 1679 scripture.
1221 1609 1394 1672 Quicumque
1414 1613 1504 1656 autern
1526 1605 1569 1656 ret
1594 1606 1728 1658 beneficio
1753 1623 1812 1658 cor-

157 1699 218 1778 hiS‚
236 1701 292 1786 qui
307 1722 416 1764 rerum
432 1699 587 1764 aviditate
605 1699 743 1787 eupitius
755 1700 958 1765 testificande
1012 1716 1116 1780 ruperit
1132 1714 1252 1780 aliquem
1265 1714 1309 1766 vel
1327 1717 1559 1766 circumventione
1574 1713 1697 1780 quelibet
1714 1715 1813 1765 faisurn

157 1805 290 1892 prebuit
310 1805 461 1870 falsitatis
480 1806 664 1889 adsensum,
688 1808 759 1893 pari
775 1807 870 1872 simui
887 1830 958 1872 sen·
1012 1823 1198 1872 testimonium
1217 1822 1308 1872 dicere
1327 1823 1502 1887 persuaserit,
1522 1821 1586 1872 dum
1606 1822 1717 1872 evidens
1731 1824 1812 1872 huius

156 1914 260 1978 tentia
282 1913 406 1978 falsarii
428 1914 632 1980 teneantur*.
889 1973 896 2012 ,
1013 1931 1052 1978 rei
1070 1937 1253 1978 commentum
1272 1930 1399 1994 patuerit,
1425 1935 1481 1979 tarn
1501 1934 1597 1979 auctor
1616 1927 1737 1988 sceleris,
1765 1929 1812 1993 qui

113 2041 139 2080 1⁶
1012 2037 1041 2086 in
1059 2036 1200 2085 interitum
1218 2036 1336 2086 intendit
1355 2033 1476 2096 atterius,
1497 2051 1579 2101 quam
1598 2037 1630 2095 is,
1657 2037 1703 2102 qui
1723 2052 1812 2085 reruni

1012 2143 1144 2193 aviditate
1164 2144 1279 2209 cupidus
1299 2142 1469 2192 testificanda
1489 2143 1599 2209 prebuit
1618 2142 1745 2192 salsitatis
1765 2144 1811 2193 nd-

1012 2265 1129 2309 sensum,
1152 2251 1212 2316 pari
1237 2248 1318 2299 simul
1344 2251 1481 2300 sententia
1507 2249 1611 2300 falsarii
1637 2245 1813 2300 teneantur*.

199 2431 225 2508 *Η
247 2443 405 2494 1121111111.-
434 2446 464 2494 ct
491 2440 607 2511 insuper
636 2441 673 2493 ad
702 2439 817 2494 aliorum
848 2446 957 2496 terrore
1054 2439 1081 2506 *Η
1104 2444 1131 2494 Ε
1149 2448 1171 2495 1.
1197 2445 1252 2496 Vs
1281 2445 1396 2496 addunt:
1431 2448 1461 2495 et
1488 2441 1604 2513 iusuper
1632 2443 1668 2495 ad
1698 2442 1814 2495 aliorum

249 2547 377 2602 centenis
400 2546 521 2618 flagellis
543 2547 658 2618 publice
675 2547 819 2602 verberati
835 2548 958 2619 turpiter
1102 2555 1209 2603 terrore
1235 2549 1363 2604 centenis
1386 2547 1507 2620 flagellis
1530 2547 1644 2619 publice
1668 2548 1813 2603 verberati

112 2675 140 2714 to
250 2654 344 2723 etiarn,
366 2660 399 2708 ut
415 2654 493 2725 digni
508 2660 584 2722 sunt,
601 2673 634 2708 ac
650 2655 745 2709 viliter
761 2655 957 2711 decalventur.
1102 2655 1226 2725 turpiter
1254 2656 1350 2723 ctiam,
1378 2661 1410 2709 ut
1441 2654 1520 2727 digni
1549 2661 1624 2722 sunt,
1656 2673 1688 2709 ac
1719 2654 1814 2710 viliter

1102 2762 1298 2817 decalventur.
1331 2790 1371 2800 -
1401 2767 1426 2815 V
1442 2769 1465 2816 l.
1492 2769 1516 2815 4.
1543 2769 1567 2816 5.
1595 2769 1619 2816 6.
1650 2769 1665 2816 8
1695 2767 1812 2816 addunt:

1102 2876 1189 2939 atque
1220 2870 1335 2940 insuper
1365 2871 1401 2924 ad
1432 2869 1548 2925 aliorum
1577 2876 1714 2925 terrorem
1744 2889 1811 2924 cen-

1102 2975 1176 3030 tenis
1206 2975 1327 3047 flagellis
1357 2976 1471 3047 publice
1502 2977 1656 3045 verberati,
1691 2977 1813 3048 turpiter

1102 3083 1242 3137 decalvati
1265 3084 1385 3152 perenni
1408 3083 1523 3138 infamio
1546 3084 1744 3138 subiacebunt.

114 3325 141 3364 11
160 3316 253 3368 Reor.
268 3313 363 3367 deest.
426 3311 514 3382 lirul
823 3312 889 3368 vu.
927 3312 1095 3369 FLAVIUS
1119 3312 1304 3369 nnvrelus
1327 3314 1419 3368 REX.

425 3427 484 3492 De
516 3428 595 3510 bis,
630 3429 699 3514 qui
730 3426 879 3492 falsum
911 3426 1144 3515 probantur
1173 3430 1458 3493 testimonium
1491 3430 1739 3515 protulisse,
1773 3442 1812 3495 et

427 3535 473 3600 de
504 3537 643 3621 spatio
667 3558 740 3599 sex
769 3557 995 3617 mensuum,
1021 3558 1098 3622 quo
1127 3546 1276 3600 testem
1306 3536 1438 3600 liceat
1467 3536 1689 3619 infamare,
1722 3539 1810 3602 sive

540 3652 582 3707 ut
606 3665 731 3729 super
753 3651 953 3706 mortuum
978 3665 1055 3706 non
1078 3641 1208 3706 liceat
1231 3643 1518 3706 testimonium
1543 3641 1696 3707 dicere.

392 3730 396 3856 Η
532 3767 702 3832 Falsorum
735 3767 866 3852 testium
899 3765 1061 3831 obstinata
1092 3767 1238 3854 nequitia
1270 3768 1375 3831 nescit
1407 3765 1529 3831 habere
1562 3768 1693 3833 modurn
1728 3768 1811 3833 falsa

331 3929 336 3940 .
426 3873 571 3956 dicendi,
603 3873 661 3938 sed
693 3874 820 3938 crimini
852 3875 976 3954 crimen
1010 3875 1123 3938 nititur
1152 3873 1306 3960 copulare
1341 3875 1484 3960 periurii.
1537 3874 1582 3938 Et
1610 3874 1700 3958 ideo,
1736 3877 1812 3962 quia

427 3979 634 4046 detestandos
658 3979 843 4044 huiusmodi
867 3981 998 4045 sceleris
1022 3991 1264 4068 presumptores
1288 3980 1400 4044 divina
1430 3979 1485 4044 lex
1508 3983 1620 4045 mortis
1651 3984 1813 4047 sententia

426 4087 576 4170 damnat,
608 4087 679 4152 illos
709 4087 850 4169 scilicet,
882 4110 962 4174 quos
994 4097 1106 4153 contra
1135 4087 1268 4152 fratrem
1299 4110 1393 4151 suurn
1423 4087 1539 4151 falsum
1570 4087 1693 4153 dixisse
1723 4090 1811 4153 testi-

426 4197 570 4260 monium
594 4204 737 4281 potestas
759 4194 932 4258 iudiciaria
956 4192 1156 4281 comprobat,
1180 4217 1239 4259 nos
1263 4193 1398 4280 proinde
1423 4206 1489 4258 tarn
1513 4193 1647 4259 nefariis
1663 4198 1811 4282 personis

427 4325 542 4366 cusum
565 4301 709 4367 secundo
732 4301 928 4366 testificandi
960 4300 1180 4384 subducimnq
1205 4324 1287 4389 quos
1317 4324 1382 4365 non
1411 4300 1572 4382 humanis,
1603 4301 1661 4365 sed
1692 4301 1812 4366 divinis

113 4570 141 4610 u
213 4558 253 4617 II,
273 4562 298 4618 4,
318 4559 343 4607 6.
387 4558 403 4607 l.
421 4559 445 4607 2.
468 4552 505 4620 se]
525 4559 564 4608 sic
585 4557 646 4608 B2.
679 4557 687 4618 Η
719 4557 774 4608 ts.
794 4563 958 4623 potestatem
1066 4557 1104 4616 11,
1125 4559 1149 4617 4,
1170 4557 1194 4606 6.
1234 4556 1250 4606 l.
1265 4559 1289 4605 1.
1308 4557 1397 4606 minor
1416 4555 1473 4605 Vr.
1494 4557 1518 4605 8.
1542 4555 1550 4614 Η
1574 4557 1590 4606 1.
1604 4559 1628 4606 3.
1649 4563 1812 4621 potestatem

159 4647 221 4698 122.
246 4647 254 4709 Η
277 4647 294 4697 Ι.
311 4649 350 4697 10.
371 4641 555 4709 conmentum]
578 4655 742 4698 conventum
763 4647 824 4696 Bl.
862 4653 959 4697 auctor
1014 4645 1040 4695 E
1051 4647 1075 4696 2.
1095 4645 1152 4695 V3.
1171 4645 1225 4696 rell.
1264 4643 1337 4695 iltius
1358 4645 1382 4692 V
1393 4647 1414 4694 1.
1435 4647 1459 4694 2.
1479 4647 1504 4696 5.
1519 4646 1542 4694 6.
1566 4645 1575 4705 Η
1598 4646 1614 4695 ἱ.
1629 4647 1653 4695 5.
1672 4644 1727 4696 tate
1748 4645 1811 4709 Vl;

160 4737 227 4787 Ra.
984 4775 986 4784 .
1013 4733 1075 4785 ratis
1096 4735 1168 4785 Mad.
1194 4735 1202 4794 Η
1229 4732 1370 4785 tuturo
1391 4733 1529 4783 ELV3.
1577 4735 1727 4799 prodiderit
1750 4733 1777 4783 E
1790 4738 1812 4784 l.

984 4787 987 4880 Η
1013 4824 1084 4875 irad.
1116 4822 1125 4884 Η
1158 4825 1174 4874 l.
1195 4825 1219 4873 8.
1246 4817 1322 4886 ordo]
1345 4829 1442 4873 auctor
1460 4823 1517 4872 Vt.
1550 4821 1558 4880 Η
1591 4823 1608 4873 1.
1627 4826 1651 4873 9.
1679 4830 1727 4874 aut
1747 4823 1814 4874 deest

1019 4914 1081 4964 Vr.
1107 4915 1131 4962 6.
1163 4911 1172 4970 Η
1204 4914 1220 4963 1.
1243 4915 1283 4962 10.
1310 4917 1406 4962 testem
1433 4911 1517 4962 alium
1544 4911 1651 4963 etmel.
1672 4913 1733 4963 Ε2.
1754 4913 1812 4964 Vl.

1013 5003 1083 5052 111.
1097 4995 1290 5065 commentum]
1305 5001 1477 5051 manifestum
1494 5000 1554 5050 add.
1569 5001 1623 5051 1'3.
1647 5000 1656 5062 Η
1679 5002 1695 5051 l.
1712 5005 1752 5052 15.
1773 5004 1812 5052 111-

1012 5093 1095 5141 teritu
1111 5091 1137 5140 E
1148 5094 1170 5140 1.
1207 5084 1239 5153 ie]
1261 5091 1303 5140 hie
1324 5090 1347 5138 V
1358 5092 1380 5139 1.
1401 5092 1425 5140 6.
1449 5091 1457 5150 Η
1480 5091 1496 5139 I.
1513 5091 1552 5140 16.
1573 5091 1737 5142 testificandi
1752 5091 1779 5140 E
1787 5094 1811 5142 2.

984 5145 986 5256 Η
1019 5179 1075 5230 Vr.
1096 5182 1119 5230 5.
1141 5183 1165 5230 e.
1188 5178 1196 5238 Η
1220 5181 1236 5229 1.
1253 5182 1292 5230 rr.
1313 5186 1343 5229 ur
1360 5177 1610 5229 interiturae.
1633 5179 1642 5238 Η
1665 5181 1681 5231 ι.
1698 5183 1738 5230 19.
1758 5187 1810 5230 rer-

1012 5285 1101 5320 rorcm
1121 5269 1177 5318 1‘2.
1201 5269 1209 5327 Η
1233 5269 1249 5318 l.
1264 5270 1305 5318 22.
1327 5263 1417 5332 atque]
1438 5277 1464 5317 et
1484 5269 1540 5318 Vr.
1562 5270 1585 5317 5.
1606 5271 1629 5318 8.
1657 5268 1666 5330 ΙΙ
1692 5269 1708 5319 l.
1723 5271 1764 5319 23.
1785 5276 1812 5320 et

1012 5359 1126 5425 turpiter
1146 5358 1170 5406 V
1179 5359 1209 5418 6;
1229 5359 1400 5423 turpiterque
1421 5357 1445 5405 V
1454 5359 1477 5407 8.

111 5462 141 5502 a
267 5449 307 5507 11,
326 5451 350 5509 1,
371 5451 395 5500 r.
442 5445 970 5511 Codd.E1.2.V1.2.3.4.().e.
1000 5445 1034 5509 (a.
1057 5450 1097 5497 rr.
1126 5449 1166 5497 15.
1195 5445 1248 5510 11).
1278 5471 1311 5480 -
1339 5447 1355 5496 r.
1376 5449 1418 5497 ⁴25.
1445 5441 1655 5510 Fr..-1rnx]
1681 5447 1717 5496 ra
1743 5445 1811 5497 Er.

166 5539 223 5589 V2.
244 5541 268 5589 5.
288 5540 313 5588 6.
333 5539 356 5588 8.
378 5539 418 5588 15.
441 5539 487 5599 Πς
514 5539 568 5589 PL.
588 5537 863 5589 CINDASVINDUS
889 5538 913 5586 V
929 5540 976 5598 14;
1002 5537 1168 5598 ANTIQUA
1192 5536 1253 5586 add.
1280 5536 1304 5584 V
1320 5539 1366 5597 15;
1394 5536 1571 5587 EURIGIUS
1599 5535 1633 5586 ai.
1661 5535 1758 5585 OHDS
1784 5535 1812 5584 r'rr

159 5627 271 5694 morqirre
288 5627 449 5690 add..Vli;
470 5627 521 5678 der.
540 5628 603 5678 ΕΙ.
622 5628 647 5677 V
657 5631 678 5677 1.
700 5630 722 5677 3.
743 5630 767 5676 4.
800 5624 809 5686 Η
840 5628 857 5678 l.
877 5628 919 5678 21.
946 5621 1097 5688 mensuum]
1124 5625 1162 5674 ita
1185 5624 1225 5686 E,·
1249 5627 1382 5676 mensium
1408 5625 1434 5674 V.
1491 5620 1555 5690 quo]
1578 5626 1652 5689 qnod
1671 5624 1698 5674 E
1711 5626 1733 5673 1.
1753 5624 1812 5673 Vc.

159 5719 177 5770 1.
190 5719 232 5769 28.
252 5725 283 5768 ut
300 5717 367 5768 deest
385 5717 441 5768 Vr.
462 5719 485 5768 6.
524 5713 625 5780 dicere]
647 5717 712 5767 dare
731 5717 802 5766 Mad.
826 5715 834 5777 Η
857 5717 873 5766 1.
888 5717 930 5766 ³0.
951 5717 1058 5766 crimini
1076 5715 1142 5765 deest
1161 5713 1222 5764 El.
1243 5714 1299 5765 Vr.
1323 5713 1331 5772 Η
1355 5714 1371 5764 l.
1386 5717 1428 5764 31.
1448 5715 1590 5764 testaudus
1610 5713 1666 5764 Va.
1687 5715 1710 5763 3.

1549 5819 1598 5872 18*
1693 5879 1746 5890 ..
