4448 6226
391 362 455 424 442
912 369 992 426 LEX
1015 368 1318 428 VISIGOTHORUM
1342 371 1410 440 ΧΠ,
1429 371 1459 440 3,
1478 371 1528 427 14.

203 599 313 672 11111,
325 597 370 654 14.
389 599 477 669 aar
1170 600 1266 656 xnn.

389 722 607 788 Professio
638 721 877 806 Iudeorum,
909 721 1110 810 quomodo
1141 727 1430 811 unusquisque
1461 746 1599 790 corum
1630 725 1679 790 ad
1714 725 1841 791 fidem
1871 728 2050 790 veniens

645 828 879 894 indiculum
909 829 1193 917 professionis
1224 851 1296 895 suc
1326 829 1600 895 conscribere
1632 830 1794 896 debeat.

497 953 570 1040 Ego
593 953 647 1017 ille
672 952 872 1018 abrenuncio
896 955 1059 1018 universis
1082 952 1198 1018 ritibus
1222 964 1255 1019 et
1279 953 1562 1019 observationibus
1586 965 1674 1020 secte
1690 955 1834 1038 Iudaice,
1855 955 2050 1021 abominans

390 1062 425 1125 in
459 1071 525 1125 toto
561 1060 793 1124 sollemnitates
823 1060 877 1124 vel
912 1061 1115 1125 ceremonias
1151 1061 1220 1124 sive
1256 1059 1502 1126 observationes
1533 1083 1662 1145 omnes,
1699 1085 1780 1148 quas
1814 1063 1849 1127 in
1882 1063 2080 1149 preteritiss

391 1167 565 1233 observavi
587 1165 640 1230 vel
664 1167 771 1249 tenui;
802 1167 849 1231 ita
871 1177 907 1231 ut
930 1165 1086 1254 deinceps
1116 1166 1197 1231 nihil
1223 1166 1265 1231 de
1296 1169 1359 1231 ritu
1382 1166 1435 1231 vel
1467 1167 1654 1232 celebritate
1685 1167 1862 1232 eorundem
1894 1167 2049 1232 observa-

390 1274 515 1338 tionum
539 1295 722 1355 exerceam,
746 1273 827 1337 nihil
851 1272 891 1336 dc
915 1295 977 1338 usu
999 1274 1146 1359 preteriti
1169 1275 1288 1338 erroris
1312 1273 1491 1356 adsumam,
1515 1272 1549 1337 id
1573 1284 1632 1357 est,
1663 1285 1700 1339 ut
1727 1296 1789 1338 nec
1819 1274 1939 1339 affectu
1970 1274 2050 1340 talia

392 1402 526 1466 queram
556 1402 618 1444 nco
647 1401 745 1466 opere
774 1379 1002 1467 quodcumque
1032 1379 1096 1444 tale
1127 1379 1306 1467 perficiam.
1359 1380 1501 1445 Proinde
1531 1379 1774 1445 abrenunciatis
1804 1381 1854 1444 his
1886 1379 2048 1463 omnibus,

392 1509 455 1572 que
480 1485 725 1551 christianitatis
756 1485 905 1551 doctrina
935 1484 1142 1551 abominatur
1173 1496 1204 1551 ct
1233 1485 1394 1574 prohibet,
1417 1485 1558 1551 ἰ11111101
1588 1488 1623 1550 in
1652 1510 1753 1551 unum
1779 1487 1891 1551 Deum
1921 1496 2048 1573 patrem

392 1593 656 1680 omnipotentem,
681 1591 838 1658 factorem
862 1592 924 1656 celi
956 1603 989 1657 et
1017 1603 1114 1675 terre,
1145 1591 1323 1657 visibilium
1354 1593 1497 1657 omnium
1528 1602 1560 1657 et
1589 1591 1801 1657 invisibilium
1833 1592 2047 1674 conditorem,
2068 1616 2092 1655 ιο

392 1709 425 1764 et
448 1701 482 1764 in
509 1721 609 1764 unum
639 1697 805 1763 dominum
828 1698 938 1764 Iesum
962 1697 1138 1781 Christum,
1168 1699 1271 1764 filiurn
1294 1697 1359 1763 Dei
1389 1698 1603 1784 unigenitum,
1634 1720 1677 1762 ex
1706 1709 1799 1784 patre
1829 1709 1940 1764 natum
1972 1711 2048 1764 ante

393 1807 502 1870 omnia
525 1804 646 1887 secula,
677 1805 787 1870 Deum
811 1827 853 1870 cx
876 1805 960 1887 Deo,
990 1805 1100 1869 lumen
1124 1827 1166 1870 cx
1193 1803 1325 1886 lumine,
1356 1804 1466 1869 Deum
1489 1827 1603 1870 verum
1634 1827 1676 1870 ex
1699 1805 1773 1870 Deo
1804 1827 1893 1888 vcro,
1924 1817 2047 1888 natum,

392 1935 458 1976 non
481 1912 613 1995 factum,
639 1911 831 1977 homousion
847 1913 948 1994 Patri,
973 1912 1035 1976 hoc
1059 1923 1109 1976 est
1132 1910 1278 1977 eiusdem
1302 1933 1376 1976 cum
1397 1911 1495 1975 Patre
1520 1910 1710 1995 substantie,
1734 1934 1793 1998 per
1817 1935 1913 1998 quem
1938 1914 2049 1977 omnia

392 2019 586 2100 factasunt,
618 2019 738 2105 quein
763 2018 833 2082 celo
857 2029 890 2083 et
914 2041 976 2106 que
1001 2020 1035 2084 in
1058 2029 1161 2102 terra;
1193 2019 1250 2105 qui
1273 2029 1406 2105 propter
1428 2041 1487 2083 nos
1512 2027 1544 2082 et
1573 2030 1706 2106 propter
1736 2029 1880 2083 nostram
1911 2018 2048 2084 salutem

393 2124 562 2190 deseendit
586 2124 626 2188 dc
651 2125 730 2188 celis
759 2134 791 2189 et
821 2127 1009 2190 incarnatus
1033 2135 1082 2190 est
1106 2123 1147 2189 de
1172 2123 1297 2211 Spiritu
1319 2136 1431 2190 sancto
1456 2134 1488 2189 et
1511 2123 1618 2188 Maria
1639 2125 1778 2210 virgine,
1809 2124 1904 2189 homo
1929 2125 2047 2206 factam,
2067 2147 2091 2187 a

391 2252 507 2318 passus
531 2229 592 2294 sub
616 2231 732 2296 Pontio
756 2231 872 2313 Pilato,
897 2231 1053 2318 sepultus,
1084 2233 1181 2296 tertia
1205 2232 1257 2295 die
1288 2233 1478 2313 resurrexit,
1510 2230 1659 2296 ascendit
1687 2231 1722 2294 in
1753 2229 1850 2313 celos,
1882 2231 1976 2296 sedet
2005 2231 2049 2296 ad

393 2338 561 2402 dexteram
579 2337 697 2419 Patris,
721 2339 839 2402 iterum
862 2348 1019 2402 venturus
1043 2339 1077 2402 in
1100 2339 1205 2424 gloria
1226 2338 1372 2403 iudicare
1396 2338 1490 2403 vivos
1514 2349 1547 2402 et
1569 2347 1723 2420 mortuos,
1749 2339 1841 2403 cuius
1864 2339 1959 2424 regni
1983 2361 2048 2402 non

393 2447 454 2510 erit
477 2445 560 2508 finis.
609 2443 718 2509 Credo
742 2454 774 2509 et
796 2445 830 2508 in
855 2444 1011 2530 Spiritum
1036 2455 1194 2528 sanctum,
1219 2443 1385 2509 dominum
1409 2456 1441 2508 ct
1463 2445 1709 2524 vivificatorem,
1735 2467 1778 2508 ex
1793 2445 1890 2510 Patre
1915 2454 1948 2508 ct
1963 2445 2048 2509 Filio

391 2551 632 2638 procedentem,
669 2572 742 2615 curn
773 2551 870 2616 Patre
901 2561 934 2615 ct
963 2551 1048 2616 Filio
1079 2551 1280 2616 adorandum
1312 2561 1344 2615 et
1373 2549 1630 2637 glorificandum,
1662 2552 1717 2637 qui
1747 2551 1874 2616 locutus
1905 2561 1955 2616 est
1989 2574 2049 2639 per

391 2659 577 2745 prophetas,
608 2681 707 2722 unam
731 2656 923 2722 catholicam
954 2669 986 2722 et
1017 2656 1227 2745 apostolicam
1259 2657 1441 2722 ecclesiam.
1495 2656 1661 2722 Confiteor
1690 2680 1790 2722 unum
1819 2657 1984 2744 baptisma
2013 2660 2048 2724 in
2067 2680 2093 2719 aa

392 2765 614 2830 remissionem
638 2773 857 2850 peccatorum,
883 2773 1061 2850 expectans
1085 2765 1356 2828 resurrectionem
1380 2773 1590 2847 mortuorum,
1614 2765 1716 2828 vitam
1739 2763 1839 2829 futuri
1862 2763 1987 2830 seculi'.

498 2871 582 2955 Hec,
608 2893 670 2957 quc
694 2871 727 2934 in
751 2870 846 2934 huius
871 2869 999 2934 simboli
1022 2869 1121 2936 fidem
1145 2892 1164 2934 a
1187 2893 1238 2935 me
1262 2871 1421 2957 premissa
1444 2879 1528 2954 sunt,
1552 2872 1715 2936 veraciter
1734 2870 1882 2954 credens,
1906 2871 2049 2936 fideliter

392 2979 535 3041 retinens
571 2987 603 3042 et
637 2999 711 3041 curn
746 2986 813 3040 toto
850 2978 967 3041 mentis
1004 2999 1076 3042 mee
1108 2977 1228 3042 affectu
1257 2977 1474 3064 amplectens,
1505 2978 1674 3063 promitt0,
1708 2987 1743 3042 ut
1773 2977 1860 3043 nullo
1891 3001 2048 3066 umquam

392 3095 537 3170 tempore
573 3082 616 3148 ad
650 3084 806 3147 vomitum
844 3084 1083 3169 superstitionis
1114 3083 1249 3148 Iudaice
1286 3083 1430 3148 redeam.
1490 3084 1676 3170 Numquam
1712 3083 1958 3150 observationes
1995 3085 2048 3150 vel

393 3191 610 3273 ceremonias,
642 3212 705 3277 que
736 3189 830 3254 ludei
861 3189 945 3254 soliti
976 3200 1051 3255 sunt
1081 3189 1261 3273 custodire,
1295 3190 1412 3255 amodo
1443 3202 1499 3255 aut
1533 3211 1631 3276 opere
1668 3190 1810 3277 inpleam
1846 3201 1902 3256 aut
1939 3192 2048 3257 cordis
2067 3213 2093 3252 aa

392 3297 511 3361 affectu
535 3298 702 3380 retineam,
727 3295 894 3383 abnegans
917 3297 951 3360 in
976 3307 1041 3361 toto
1066 3295 1235 3361 Iudaicam
1265 3306 1398 3379 sectam,
1427 3319 1585 3384 respuens
1615 3299 1650 3361 in
1678 3307 1744 3362 toto
1769 3297 1945 3363 iudeorum
1975 3322 2048 3386 per-

391 3403 512 3486 fidiam,
545 3402 690 3468 abiciens
721 3402 878 3491 quicquid
909 3402 1118 3468 christianam
1148 3403 1246 3468 fidem
1276 3404 1445 3490 inpugnat,
1477 3414 1509 3467 et
1538 3404 1585 3468 ita
1614 3425 1665 3467 me
1697 3402 1855 3491 abinceps
1885 3406 2049 3470 veraciter

391 3512 425 3574 in
449 3521 563 3575 sancta
586 3511 746 3575 Trinitate
770 3510 924 3596 profiteor
947 3509 1092 3592 credere,
1119 3519 1155 3574 ut
1178 3509 1354 3575 christiano
1383 3532 1473 3574 more
1504 3508 1660 3598 deinceps
1690 3511 1803 3576 vivere
1834 3511 1973 3576 debeam
2005 3523 2048 3595 et,

497 3767 668 3826 X11,3,14.
707 3765 784 3816 Codd.
805 3763 867 3814 ΕΙ.
886 3765 943 3814 Vl.
964 3767 989 3814 5.
1011 3763 1019 3823 Η
1040 3762 1060 3826 ).
1081 3766 1105 3814 8.
1127 3761 1181 3826 (10.
1203 3767 1243 3814 16.
1271 3766 1312 3816 ll.
1340 3761 1396 3826 20).
1428 3789 1460 3798 -
1492 3765 1509 3815 l.
1531 3768 1554 3814 1.
1582 3759 1677 3828 XIIII]
1696 3765 1868 3817 ERVIGIUS
1887 3766 1961 3816 REX
1986 3767 2049 3818 odd.

391 3855 462 3906 llud.
498 3853 507 3915 ΗΗ
542 3855 559 3904 l.
579 3857 604 3905 3.
634 3848 794 3917 indiculum]
820 3854 952 3906 indicium
979 3853 1047 3903 aa.
1073 3852 1101 3902 in
1125 3853 1246 3918 mor-piae.
1299 3853 1477 3918 professionis
1503 3848 1561 3918 sus]
1587 3855 1615 3904 in
1641 3855 1796 3920 praesentia
1821 3856 1974 3906 sacerdotis
2003 3856 2049 3907 vel
2068 3869 2094 3908 ao

391 3944 490 3995 iudicis
502 3943 563 3994 add.
576 3943 648 3994 lind.
669 3941 677 4002 ΗΗ
698 3943 715 3993 1.
727 3945 750 3992 4.
764 3935 910 4006 universis]
924 3943 1048 3992 omnibus
1061 3941 1129 3992 aa.
1142 3941 1214 3992 aad.
1236 3939 1244 4002 ΗΗ
1265 3943 1317 3993 15.
1330 3935 1478 4007 preteritis]
1492 3944 1641 4008 praeterito
1654 3949 1776 4009 tempore
1789 3959 1874 4009 usque
1888 3961 1961 3995 nunc
1976 3945 2049 3996 Mad.

391 4035 407 4084 1.
428 4034 452 4083 6.
478 4027 533 4096 vel]
553 4038 581 4082 et
599 4032 671 4082 llud.
727 4025 884 4094 eorundem]
903 4031 941 4081 ito
959 4030 1105 4093 Ε1.11;
1130 4032 1277 4081 earundem
1295 4039 1350 4081 cett.
1382 4029 1391 4092 Η
1422 4031 1439 4080 1.
1455 4033 1479 4082 1.
1507 4025 1583 4094 talia]
1608 4030 1658 4082 tali
1684 4047 1717 4082 ea
1742 4032 1767 4082 V
1783 4034 1824 4083 16.
1855 4031 1864 4093 Η
1896 4035 1913 4084 1.
1933 4036 1959 4084 8.
1988 4051 2049 4100 per-

392 4117 490 4185 ficiam]
515 4121 655 4188 proficiam
678 4119 740 4170 ΕΙ.
774 4121 782 4180 Η
814 4121 831 4170 1.
851 4121 875 4170 9.
905 4114 998 4183 credo]
1019 4119 1177 4170 Simbolum.
1205 4119 1294 4171 Credo
1313 4106 1370 4170 Vl}
1390 4121 1414 4170 8.
1447 4119 1456 4181 Η
1488 4121 1504 4170 1.
1526 4123 1567 4171 10.
1596 4121 1716 4170 omnium
1742 4127 1770 4171 et
1794 4117 1884 4184 invia]
1913 4130 1941 4173 et
1965 4125 2048 4173 invis.

392 4211 511 4262 omnium
532 4210 588 4260 Vl.
608 4211 632 4260 8.
662 4209 671 4270 Η
701 4210 717 4260 l.
740 4212 780 4259 11.
807 4225 840 4260 ex
858 4205 949 4272 Patre]
971 4215 997 4260 et
1016 4225 1049 4260 ex
1067 4210 1149 4260 Patre
1169 4209 1241 4258 Mad.
1270 4207 1279 4268 ΗΗ
1308 4209 1325 4259 l.
1347 4211 1387 4259 12.
1415 4225 1447 4259 ex
1467 4203 1538 4273 Deo]
1558 4209 1591 4259 dc
1610 4210 1670 4261 Deo
1691 4209 1844 4260 aaran
1882 4227 1915 4262 ex
1935 4207 2048 4276 lumine]

392 4301 424 4349 de
445 4299 544 4349 lumine
564 4298 632 4349 Pia.
652 4298 723 4348 llud.
780 4315 812 4349 ex
831 4293 902 4362 Deo]
922 4298 1035 4348 deDeo
1055 4297 1215 4348 1101111111.
1247 4297 1256 4358 ΗΗ
1288 4299 1305 4348 1.
1327 4300 1369 4347 14.
1397 4299 1425 4348 in
1445 4304 1517 4348 terra
1536 4299 1689 4350 consistunt
1708 4298 1784 4348 Vlb.
1838 4295 1899 4363 nos]
1920 4300 2091 4352 hominesue

390 4387 450 4438 aad.
470 4387 541 4437 Mad.
569 4387 577 4447 ΗΗ
605 4388 622 4438 1.
638 4390 679 4438 15.
699 4389 732 4438 de
752 4382 830 4451 celis]
850 4387 883 4437 de
904 4386 964 4437 selo
985 4387 1059 4437 1710.
1080 4386 1165 4449 Pin.,·
1183 4386 1232 4436 des.
1253 4386 1315 4436 Ε1.
1363 4381 1670 4450 exllaria]etlt1aria
1688 4385 1750 4437 ΕΙ.
1778 4384 1787 4446 Η
1815 4388 1888 4438 116.
1907 4385 2046 4454 sepultus]

391 4477 545 4534 crucifixus,
566 4483 688 4528 mortuus
708 4482 734 4526 ct
752 4475 874 4541 sepultus
894 4475 984 4536 naa.,·
1009 4475 1152 4526 crucifixus
1173 4483 1200 4525 et
1218 4474 1342 4540 sepultus
1362 4475 1505 4526 descendit
1526 4476 1561 4526 ad
1582 4475 1690 4526 inferna
1709 4475 1766 4526 Va.
1788 4477 1828 4526 10.
1884 4473 2044 4541 resurrexit]

391 4566 469 4615 vivus
489 4583 505 4614 a
524 4567 638 4615 mortuis
657 4565 717 4616 achi.
737 4566 812 4615 VlO.
866 4567 896 4615 in
915 4559 1000 4628 celos]
1019 4565 1047 4614 in
1068 4564 1159 4614 caelos
1180 4563 1248 4625 Ε1;
1267 4565 1296 4614 in
1315 4563 1380 4615 celis
1400 4564 1457 4614 Vl.
1477 4565 1501 4614 8.
1557 4564 1591 4614 ad
1610 4557 1761 4628 dexteram]
1780 4565 1807 4614 in
1827 4565 1968 4616 dexteram
1988 4566 2046 4618 Vl.

390 4654 406 4703 l.
429 4655 469 4704 11.
500 4648 597 4717 Patris]
619 4655 812 4719 omnipotentis
831 4653 892 4704 add.
911 4654 936 4702 V
946 4657 968 4703 1.
989 4655 1020 4714 83
1040 4654 1093 4704 Dei
1112 4655 1197 4719 patris
1217 4653 1291 4703 vlo.
1341 4654 1413 4704 unde
1432 4655 1529 4704 iterum
1548 4653 1624 4703 V1o.
1673 4661 1803 4704 venturus
1824 4661 1865 4705 est
1883 4654 1957 4706 Mas.
2006 4651 2045 4722 in]

390 4758 452 4792 curn
472 4741 539 4792 Pitlr.
560 4743 630 4792 Mad.
664 4741 672 4801 Η
704 4743 721 4792 1.
742 4743 783 4792 18.
812 4737 959 4806 dominum]
979 4743 1068 4792 Deum
1087 4742 1163 4792 1⁷16.
1218 4747 1246 4792 et
1264 4737 1468 4806 vivificatorem]
1488 4749 1515 4794 et
1534 4741 1718 4794 vivificantem
1738 4743 1822 4805 aaa
1842 4751 1870 4795 et
1887 4744 1954 4795 deest
1972 4745 2045 4796 Mad.
2063 4756 2089 4795 so

389 4832 405 4881 1.
427 4833 468 4881 20.
497 4825 587 4894 uuam]
605 4832 634 4880 in
653 4847 735 4881 unam
755 4831 779 4880 V
789 4833 812 4883 1.
832 4833 856 4882 8.
882 4831 953 4881 llud.
1010 4826 1101 4894 unum]
1128 4832 1157 4880 in
1183 4847 1265 4880 unum
1291 4832 1353 4882 Vl.
1386 4830 1395 4891 Η
1427 4833 1443 4882 1.
1463 4834 1506 4882 21.
1535 4834 1654 4882 omnium
1679 4837 1854 4896 peccatorum
1880 4833 1904 4882 V
1920 4838 1944 4884 Ι.
2000 4851 2044 4885 ex·

390 4915 511 4985 pestana]
531 4926 558 4970 et
578 4927 693 4986 expecto
713 4920 769 4970 Vl.
790 4921 815 4970 8.
833 4920 905 4970 llud.
961 4915 1059 4983 seculi]
1087 4921 1173 4970 Amen
1199 4921 1260 4971 add.
1286 4921 1357 4971 Mad.
1390 4919 1399 4981 Η
1430 4921 1447 4970 1.
1468 4922 1509 4970 22.
1538 4922 1619 4972 hstias
1638 4920 1748 4972 simboli
1767 4946 1801 4956 -
1819 4924 1954 4987 premissa
1972 4917 2044 4986 sunt]

389 5009 544 5060 huiusmodi
563 5009 718 5076 subscripta
736 5011 807 5059 serie
827 5009 901 5058 dicta
920 5017 983 5059 sunt
1000 5010 1055 5060 iam
1074 5008 1146 5059 111111.
1202 5009 1282 5059 fidem
1299 5009 1365 5082 deest
1383 5010 1459 5060 Vlo.
1508 5004 1580 5074 sunt]
1599 5010 1651 5062 fide
1670 5009 1730 5061 add.
1750 5009 1825 5061 1⁷10.
1882 5016 1909 5060 et
1927 5009 2045 5070 fideliter

389 5097 461 5148 Mad.
493 5095 502 5158 ΗΗ
534 5099 552 5148 Ι.
571 5099 614 5148 23.
644 5093 761 5160 etcum]
787 5099 940 5162 eximioque
964 5097 988 5146 V
1003 5099 1043 5148 16.
1099 5093 1277 5163 amplectens]
1305 5097 1416 5164 explens
1441 5098 1466 5148 V
1482 5100 1523 5149 16.
1550 5101 1599 5162 20;
1626 5117 1658 5150 ac
1684 5100 1858 5150 subscribens
1883 5099 1945 5150 aad.
1971 5099 2044 5150 aaa.

388 5187 405 5236 1.
426 5188 467 5236 25.
500 5180 563 5252 qua]
587 5186 625 5236 ita
651 5185 719 5236 El.
745 5187 768 5234 V
785 5190 814 5248 1;
841 5202 909 5251 quas
935 5194 989 5236 cett.
1044 5187 1135 5237 cordis
1161 5181 1271 5250 affectu]
1298 5189 1380 5252 eorde
1406 5187 1478 5238 Mad.
1517 5185 1526 5247 Η
1564 5189 1581 5239 l.
1602 5189 1644 5239 21.
1676 5180 1808 5250 abiciens]
1834 5189 1948 5239 riucens
1969 5187 2045 5240 1710.
2061 5199 2087 5238 aa

389 5275 538 5326 christiana
557 5275 624 5325 fides
644 5275 668 5323 V
678 5277 719 5325 16.
768 5268 910 5340 abinceps]
930 5276 1060 5341 deinceps
1080 5274 1151 5326 Mad.
1184 5273 1193 5336 ΗΗ
1225 5276 1242 5325 1.
1262 5277 1304 5326 28.
1334 5275 1460 5326 Sanctam
1480 5278 1642 5328 Trinitatem
1661 5277 1732 5328 Jlad.
1788 5277 1938 5327 christiano
1958 5272 2044 5341 more]

389 5363 489 5414 Christi
507 5381 598 5415 amore
618 5365 691 5414 Vlb.
712 5366 754 5415 20.

498 5597 526 5668 Ι)
562 5599 626 5656 Hoc
660 5607 700 5656 est
732 5597 882 5672 syrnbolum
917 5597 1429 5674 Nicomo-Coastantinopolitonam,
1466 5602 1604 5656 (teocam
1639 5619 1658 5656 a
1693 5599 1808 5659 concilio
1845 5597 2044 5658 Comtaatiao·

383 5703 513 5778 politooo
536 5703 560 5760 I.
592 5699 632 5778 (a.
659 5699 744 5779 381),
775 5723 839 5761 con.
861 5704 895 5773 1;
927 5705 967 5776 cf.
994 5703 1062 5761 Coll.
1089 5725 1152 5762 con.
1178 5703 1309 5762 ecclesiae
1332 5705 1484 5780 Hispanae
1509 5706 1552 5762 ed.
1578 5703 1722 5763 Gonznler
1746 5725 1779 5782 p.
1806 5706 1844 5762 61
1864 5727 1906 5782 sq.
