4448 6226
685 381 764 435 LEX
787 379 1090 439 VISIGOTHORUM
1114 382 1229 452 xus,
1250 383 1300 440 13.
1757 383 1819 444 441

168 571 255 642 Bru}
282 564 359 650 quia
383 574 415 628 et
438 565 517 629 ritus
542 587 654 630 omnes
670 565 821 630 Iudaicos
845 565 987 653 abneget
1011 579 1043 632 et
1065 569 1099 632 in
1122 568 1209 633 nullo
1232 580 1387 656 sequatur
1409 581 1532 636 sectam
1553 573 1822 657 prevaricationis
1840 582 1950 654 xlm,
1964 581 2009 639 18.

169 669 312 756 antique.
357 669 402 733 Et
425 671 503 758 quia
526 693 568 734 ex
591 681 658 736 toto
683 672 781 736 corde
805 674 957 758 pristinos
982 695 1108 738 errores
1132 673 1318 762 relinquens
1349 676 1391 739 ad
1421 675 1519 740 fidem
1549 677 1716 764 religionis
1747 701 1821 744 eon-

168 797 283 838 versus
306 774 404 840 fuerit
427 775 613 860 christiane,
638 801 713 842 cum
737 777 865 843 simboli
889 802 1018 865 quoque
1042 781 1297 867 interpositione,
1323 792 1356 846 et
1379 781 1467 868 quod
1493 781 1578 848 ultra
1609 782 1651 848 ad
1680 786 1821 849 vomitus

169 882 219 946 sui
242 880 328 945 nullo
352 881 449 946 modo
473 893 656 948 revertatur
679 906 832 964 errorem,
849 885 902 948 vel
926 895 1036 950 cetera
1059 885 1238 952 secundum
1255 889 1474 974 conscriptum
1493 889 1704 974 professionis
1720 891 1821 976 ipsius

137 987 326 1070 sordinem,
351 1011 448 1074 quem
471 1000 545 1076 post
572 990 656 1055 hanc
686 990 793 1077 legem
824 993 1008 1056 curavimus
1039 991 1195 1057 adnotare
1206 997 1226 1056 ¹.
1280 995 1376 1058 Hanc
1407 1017 1485 1060 sane
1515 995 1750 1082 professionem
1780 1019 1821 1060 ne

168 1093 263 1159 nudis
286 1095 509 1160 tantummodo
533 1095 707 1161 verborum
731 1097 1000 1184 promissionibus
1028 1098 1196 1184 proferant
1225 1109 1258 1164 et
1288 1099 1377 1164 aliud
1407 1099 1508 1165 verbo
1539 1114 1699 1188 promant,
1733 1101 1822 1166 aliud

169 1200 266 1266 corde
289 1202 460 1285 retineant,
485 1203 597 1290 sicque
621 1205 654 1267 in
679 1225 790 1268 eorum
813 1205 981 1290 promissis
1006 1205 1167 1270 simulatio
1190 1207 1298 1292 potius
1322 1229 1420 1292 quam
1443 1209 1564 1271 veritas
1593 1207 1700 1272 locum
1728 1231 1821 1272 suum

168 1309 322 1389 inveniat,
348 1306 486 1374 sollicita
510 1310 737 1396 episcoporum
760 1309 969 1397 iudicumque
993 1312 1148 1376 instantia
1171 1310 1218 1375 illi
1241 1313 1314 1398 ipsi,
1340 1313 1395 1398 qui
1419 1315 1596 1398 superioris
1612 1314 1821 1400 professionis

169 1436 225 1478 sue
249 1413 465 1500 patefecerint
487 1426 610 1498 votum,
636 1414 753 1480 adlatis
778 1415 1047 1481 condicionibus²
1069 1419 1177 1482 iurare
1202 1417 1379 1500 debebunt,
1412 1421 1489 1505 qnia
1513 1442 1575 1506 que
1607 1443 1719 1486 eorum
1749 1443 1821 1506 pro·

125 1551 151 1591 10
169 1521 266 1585 fessio
291 1523 435 1585 continet
459 1523 585 1586 sincero
610 1534 643 1587 et
664 1545 728 1587 non
753 1521 913 1587 maculato
938 1522 1036 1588 corde
1060 1524 1274 1610 profiteantur
1304 1547 1349 1606 se,
1381 1524 1486 1590 donec
1518 1525 1714 1609 advixerint,
1746 1549 1820 1591 con-

168 1649 310 1692 servare.
358 1627 479 1715 Sicque
503 1629 569 1712 liet,
598 1637 635 1693 ut
658 1629 703 1693 hii
728 1628 819 1712 tales,
851 1651 931 1716 quos
962 1641 994 1694 et
1022 1630 1181 1716 professio
1212 1654 1286 1695 cum
1317 1633 1425 1717 operis
1456 1631 1574 1697 effectu
1603 1631 1720 1718 dignos
1751 1655 1822 1698 esse

168 1734 373 1821 probaverit,
413 1745 445 1800 et
483 1735 694 1800 iurisiurandi
732 1736 923 1822 pollicitatio
962 1737 1096 1802 devotos
1135 1737 1203 1802 fore
1243 1739 1487 1820 monstraverit,
1527 1740 1669 1825 possint,
1710 1749 1821 1826 utpote

169 1842 346 1925 christiani,
371 1843 622 1907 christianorum
644 1844 881 1929 mancipiorum
905 1843 1046 1907 servitiis
1070 1845 1126 1908 uti.
1166 1844 1250 1908 Nam
1273 1867 1338 1908 non
1363 1843 1456 1909 aliter
1479 1854 1632 1930 poterunt
1648 1844 1823 1909 christiana

168 1951 334 2036 mancipia
367 1949 496 2014 illorum
530 1949 673 2014 dominio
709 1948 893 2036 subiugari,
929 1950 993 2016 nisi
1027 1961 1059 2014 et
1092 1951 1155 2036 ipsi
1186 1950 1355 2015 evidenter
1390 1950 1632 2038 conprobentur
1661 1953 1822 2016 verissimi

125 2084 150 2123 rs
170 2055 338 2120 christiani
369 2068 401 2120 et
428 2056 617 2143 frequenter
640 2056 888 2121 christianorum
913 2058 1067 2121 societate
1092 2059 1257 2143 coniungi.
1310 2057 1380 2122 Iam
1410 2080 1488 2122 vero
1520 2059 1575 2144 qui
1606 2068 1680 2144 post
1711 2057 1821 2122 datam

168 2155 421 2249 professionem,
460 2162 587 2228 reddito
622 2173 825 2228 sacramento
861 2165 954 2227 iuxta
987 2165 1188 2250 superiorem
1223 2163 1386 2247 ordinem,
1430 2163 1642 2228 christianum
1678 2187 1711 2228 se
1750 2185 1821 2228 esse

169 2268 340 2334 devoverit
375 2281 408 2335 et
437 2270 471 2333 in
506 2268 651 2356 quolibet
681 2271 745 2334 ritu
772 2268 907 2334 Iudaica
939 2279 1028 2334 secte
1059 2269 1161 2334 cultor
1191 2292 1229 2334 ac
1260 2271 1486 2356 promissionis,
1514 2293 1572 2334 suc
1602 2281 1823 2356 transgressor

169 2398 240 2440 esse
271 2379 466 2462 reperiatur,
498 2377 575 2463 quia
605 2385 638 2440 et
667 2398 785 2440 nornen
815 2376 951 2441 Domini
981 2399 1079 2440 ausus
1114 2387 1163 2440 est
1198 2375 1373 2462 profanare
1409 2387 1442 2441 et
1478 2399 1512 2440 se
1543 2376 1671 2442 Iudaici
1704 2378 1821 2441 erroris

170 2504 250 2547 ceno
280 2483 439 2569 polluere,
471 2484 598 2548 amissis
627 2482 725 2547 rebus
756 2482 906 2547 omnibus
937 2493 970 2547 et
999 2485 1034 2546 in
1063 2484 1220 2569 principis
1250 2493 1410 2568 potestate
1441 2482 1598 2564 redactis,
1629 2493 1662 2547 et
1692 2493 1820 2546 centum

124 2617 151 2656 so
168 2587 298 2675 flagella
332 2589 521 2654 decalvatus
556 2591 711 2676 suscipiat
747 2599 779 2653 et
813 2588 903 2653 exilii
934 2587 1045 2653 debita
1079 2599 1265 2653 conteratur
1296 2611 1439 2653 erumna.
1494 2588 1570 2653 Illos
1601 2599 1728 2671 tamen,
1765 2589 1821 2675 qui

169 2695 327 2761 obdurato
360 2696 458 2761 corde
495 2696 712 2762 obstinatione
743 2695 864 2761 malitie
894 2695 1062 2760 interclusi
1092 2695 1178 2759 infra
1206 2717 1377 2760 numerum
1409 2695 1535 2760 dierum
1565 2697 1715 2782 superius
1746 2717 1820 2760 con-

169 2803 313 2866 stitutum
349 2815 404 2868 aut
438 2803 655 2889 professiones
695 2824 770 2867 suas
809 2801 976 2889 publicare
1012 2801 1195 2866 destiterint
1236 2811 1292 2866 aut
1334 2810 1428 2866 extra
1468 2801 1651 2887 predictum
1693 2811 1821 2888 tempus

169 2909 380 2974 christianum
404 2910 601 2996 mancipium
625 2907 746 2974 habere
770 2909 1036 2996 presumpserint,
1061 2907 1104 2972 ad
1127 2907 1370 2972 damnationem
1393 2909 1551 2994 premisse
1575 2906 1667 2993 legis,
1692 2929 1755 2995 que
1780 2906 1821 2971 de

169 3014 353 3079 christianis
377 3016 549 3101 mancipiis
572 3014 638 3080 lata
662 3025 721 3096 est,
752 3026 787 3079 ut
809 3014 920 3079 Iudeis
944 3037 1007 3079 non
1039 3015 1192 3096 serviant,
1223 3012 1420 3078 tenebuntur
1451 3013 1601 3097 obnoxii,
1632 3013 1666 3077 id
1697 3025 1755 3096 est,
1787 3024 1823 3078 ut

124 3151 150 3190 ss
169 3131 225 3186 aut
254 3121 463 3186 medietatem
497 3145 605 3186 rerum
640 3144 770 3186 suarum
806 3121 885 3186 fisco
921 3119 1110 3186 sociandam
1145 3121 1311 3203 amittant,
1346 3130 1418 3203 aut,
1454 3122 1482 3184 si
1515 3119 1647 3185 viliores
1682 3141 1821 3206 persone

169 3229 290 3293 fuerint
325 3237 357 3292 et
390 3251 456 3293 non
490 3227 681 3311 habuerint,
722 3228 810 3293 unde
846 3237 1046 3314 conponant,
1090 3238 1228 3291 centena
1263 3226 1426 3291 decalvati
1460 3225 1590 3313 flagella
1631 3227 1820 3312 suscipiant.

168 3335 334 3421 Mancipia
357 3346 467 3400 tamen
491 3335 676 3417 christiana,
702 3357 765 3421 que
788 3337 929 3399 retinere
953 3333 1040 3420 apud
1071 3355 1106 3397 se
1137 3343 1251 3398 contra
1280 3332 1389 3419 legum
1419 3334 1522 3397 vetita
1552 3333 1819 3419 presumpserint,

170 3443 247 3527 quia
277 3463 312 3506 se
342 3443 415 3528 ipsa
443 3441 584 3528 predicti
614 3443 769 3528 temporis
800 3442 904 3526 spatio
935 3441 1112 3505 christiana
1141 3439 1242 3503 fuisse
1279 3462 1344 3504 non
1380 3439 1599 3526 prodiderint,
1637 3440 1671 3503 in
1709 3460 1821 3502 eorum

170 3549 311 3630 servitio,
337 3547 454 3634 quibus
478 3571 498 3612 a
520 3571 598 3634 rege
623 3547 734 3612 donati
757 3547 887 3629 fuerint,
912 3547 1063 3611 servitum
1087 3545 1321 3632 perpetualiter
1344 3544 1591 3632 permanebunt.

125 3816 152 3858 so
276 3801 385 3862 xlae,
407 3803 447 3852 13.
491 3802 508 3851 l.
530 3805 552 3850 1.
581 3807 608 3850 et
627 3795 703 3862 ritus]
724 3807 751 3850 et
767 3799 834 3850 deest
853 3799 920 3850 Pitlr.
958 3805 1060 3850 sectam
1079 3815 1144 3849 suae
1164 3815 1288 3864 praevar.
1308 3797 1379 3848 trad.
1411 3796 1420 3858 ll
1452 3799 1468 3848 l.
1489 3801 1513 3848 2.
1543 3799 1577 3848 Et
1596 3785 1669 3862 q'uia]
1690 3799 1821 3864 Quisquis

170 3892 307 3956 igiturex
331 3889 386 3940 illis
413 3889 484 3940 Mad.
539 3905 634 3940 sacrae
654 3888 797 3955 religionis
821 3889 894 3938 Mad.
926 3886 935 3948 ΙΙ
966 3889 984 3939 l.
1003 3891 1027 3938 4.
1056 3893 1229 3938 revertantur
1248 3887 1304 3937 Vl.
1360 3881 1555 3952 conscriptum]
1581 3887 1617 3936 ita
1643 3885 1670 3936 E
1688 3890 1711 3936 1.
1738 3886 1823 3947 Ietta,

170 3981 242 4044 qnod
269 3981 400 4045 scriptum
427 3984 468 4029 est
493 3978 518 4026 V
534 3981 557 4028 1.
583 3979 614 4040 83
640 3980 768 4043 scriptum
794 3977 866 4027 Mad.
898 3976 908 4038 ΙΙ
939 3977 956 4026 l.
976 3979 1001 4027 5.
1030 3970 1171 4039 adnotare]
1196 3979 1224 4026 in
1250 3974 1326 4027 nullo
1352 3991 1381 4026 se
1407 3975 1567 4040 profiteatur
1593 3975 1690 4026 exinde
1719 3974 1821 4040 aliquid

169 4070 312 4119 immutare
342 4067 403 4118 add.
431 4067 502 4118 Mad.
565 4067 622 4117 Has
651 4083 716 4117 sane
746 4067 930 4132 professiones
959 4065 987 4116 E
1008 4067 1030 4114 l.
1069 4062 1078 4125 ΙΙ
1116 4066 1133 4115 l.
1157 4067 1180 4114 6.
1214 4059 1451 4131 promissionibus]
1479 4064 1715 4130 propositionibus
1741 4064 1765 4112 V
1781 4067 1822 4114 10.

169 4163 276 4224 promat
303 4157 374 4208 Mad.
414 4153 422 4216 l]
461 4157 477 4206 ἱ.
496 4158 520 4207 i.
552 4156 634 4207 corde
661 4155 728 4206 deest
756 4154 780 4203 V
798 4159 821 4205 1.
876 4155 994 4205 retineat
1022 4153 1092 4204 Mad.
1148 4148 1251 4218 sicque]
1280 4159 1307 4204 et
1334 4155 1374 4204 sic
1403 4153 1473 4203 irad.
1531 4147 1634 4217 eorum]
1664 4154 1722 4203 eius
1751 4152 1822 4202 Mod.

125 4261 151 4300 ss
170 4247 187 4296 l.
207 4247 230 4296 8.
263 4244 383 4297 sollicita
407 4271 440 4280 -
464 4239 603 4309 instantia]
630 4261 697 4296 cura
722 4243 839 4295 sollicita
866 4245 1056 4310 episcoporum
1082 4243 1254 4307 iudicumque
1282 4243 1434 4293 ministerio
1460 4242 1531 4292 Mad.
1586 4240 1641 4292 illis
1667 4243 1733 4307 ipsis
1760 4241 1822 4290 Vl.

170 4336 316 4400 superioris
337 4359 369 4368 —
390 4329 493 4398 votnm]
514 4335 684 4400 superiorem
702 4335 864 4384 sententiam
883 4332 1062 4399 patefecerint
1081 4347 1142 4382 mox
1163 4331 1234 4381 Mat
1260 4331 1269 4392 l]
1295 4331 1311 4380 l.
1326 4333 1350 4381 9.
1373 4325 1434 4396 que]
1455 4345 1563 4395 queque
1583 4329 1639 4380 Vl.
1666 4331 1674 4390 {l
1701 4331 1717 4383 l.
1732 4332 1772 4380 10.
1796 4337 1823 4380 et

170 4418 234 4488 non]
266 4431 293 4476 et
320 4424 386 4475 deest
413 4423 484 4474 Mod.
549 4417 734 4488 profiteantur]
763 4426 949 4488 protestantur
977 4420 1001 4468 V
1020 4422 1060 4472 10.
1125 4436 1154 4470 se
1184 4420 1271 4470 donec
1301 4420 1454 4470 advixerint
1483 4434 1644 4470 conservare
1672 4419 1722 4469 des.
1751 4419 1822 4469 Mad.

170 4515 186 4566 l.
209 4516 249 4564 12.
281 4512 433 4564 iusiurandi
459 4511 537 4562 Lina
601 4512 802 4570 monstraverit,
831 4504 947 4575 possint]
977 4515 1128 4561 monstrare
1157 4511 1263 4576 possint
1287 4509 1350 4558 Vs.
1389 4507 1398 4568 11
1436 4508 1452 4558 l.
1476 4511 1516 4558 13.
1552 4510 1761 4558 christianorum
1789 4527 1822 4558 m.

169 4597 297 4666 servitiis]
318 4601 473 4652 christianis
492 4601 635 4666 mancipiis
655 4599 726 4650 irad.
770 4592 898 4662 servitiis]
918 4599 1036 4649 servitus
1056 4597 1118 4648 El.
1150 4595 1159 4656 ΙΙ
1191 4599 1208 4648 l.
1231 4600 1271 4648 14.
1300 4591 1432 4662 dominio]
1452 4597 1561 4647 domino
1582 4596 1610 4646 a
1621 4598 1643 4646 l.
1681 4593 1824 4660 verissimi]

123 4707 151 4745 4ο
169 4693 307 4758 purissimi
327 4697 355 4742 et
372 4691 507 4740 verissimi
525 4689 582 4740 Vl.
603 4691 627 4739 5.
648 4689 672 4738 8.
698 4687 707 4748 l]
733 4689 806 4738 1.15.
829 4689 962 4738 societate
981 4681 1122 4753 coniungi]
1142 4688 1212 4738 escis
1232 4686 1408 4738 adhaeserint
1427 4691 1453 4736 et
1472 4687 1601 4750 coniugia
1620 4687 1730 4736 inierint
1752 4685 1822 4736 Mal.

169 4783 185 4830 l.
202 4781 241 4832 16.
265 4773 445 4841 sacramento]
465 4779 620 4828 iuramento
640 4777 711 4828 Mod.
759 4770 892 4838 ordinem]
913 4780 1036 4825 tenorem
1055 4775 1126 4826 Mas.
1153 4773 1162 4835 ΙΙ
1187 4776 1204 4825 l.
1220 4777 1261 4826 17.
1285 4767 1437 4839 devoverit]
1458 4775 1612 4825 decreverit
1631 4790 1662 4824 ae
1683 4775 1824 4824 devoverit

176 4869 237 4920 Vl.
262 4871 286 4920 5.
310 4871 335 4919 8.
391 4866 479 4918 cultor
499 4861 541 4930 ac]
561 4866 650 4918 cultor
670 4873 697 4917 et
715 4865 773 4916 Vl.
793 4867 823 4926 ὃς
844 4863 935 4914 cultor
954 4864 1005 4914 fuit
1023 4864 1151 4914 inventus
1172 4871 1198 4914 et
1218 4864 1298 4914 huius
1318 4863 1389 4914 Mad.
1422 4861 1431 4922 ll
1463 4864 1479 4913 l.
1502 4863 1543 4913 18.
1571 4858 1691 4926 Domini]
1710 4863 1762 4912 Dei
1782 4865 1822 4914 sui

168 4959 228 5010 add.
254 4959 322 5009 Pith.
382 4973 411 5007 se
437 4956 503 5006 deest
528 4955 596 5009 Pia.
629 4952 637 5015 l]
670 4957 686 5006 l.
709 4956 749 5005 19.
778 4958 942 5020 potestatem
965 4951 1033 5003 Pru.
1056 4952 1126 5002 Mad.
1159 4950 1168 5013 ΙΙ
1200 4954 1217 5003 l.
1237 4954 1280 5004 20.
1309 4957 1468 5003 conteratur
1494 4946 1615 5015 erumna]
1642 4968 1733 5017 poena
1759 4969 1823 5003 con·

168 5054 272 5099 teratur
294 5047 362 5098 Pau
418 5049 574 5096 conteretur
594 5045 656 5096 El.
711 5038 787 5108 illos]
813 5042 859 5093 Illi
886 5041 958 5092 Mad.
1013 5042 1060 5106 qui
1080 5041 1215 5093 obdurato
1242 5035 1334 5104 corde]
1361 5056 1430 5106 quos
1456 5041 1601 5091 obduratio
1627 5039 1717 5090 cordis
1742 5040 1768 5089 V
1783 5043 1823 5091 10.

124 5150 151 5189 so
169 5139 186 5188 l.
206 5139 248 5189 21.
278 5137 470 5187 obstinationis
495 5134 519 5183 V
534 5139 556 5186 1.
582 5137 606 5185 8.
661 5136 685 5184 si
711 5134 781 5184 infra
807 5131 878 5182 Mad.
910 5129 920 5190 ΙΙ
950 5131 968 5181 l.
988 5132 1030 5180 22.
1059 5136 1108 5180 aut
1127 5131 1310 5196 professiones
1329 5123 1403 5194 suas]
1423 5129 1621 5194 professionem
1649 5145 1725 5180 snam
1751 5129 1823 5178 Mod.

169 5227 186 5276 l.
206 5228 248 5278 26.
277 5225 413 5276 decalvati
432 5219 553 5291 flagella]
572 5221 682 5288 flagella
701 5239 762 5273 cum
789 5219 981 5272 decalvatione
1010 5219 1078 5269 Mad.
1111 5217 1121 5279 ΙΙ
1152 5221 1169 5270 1.
1189 5220 1232 5269 21.
1254 5213 1350 5282 vetita]
1370 5219 1512 5269 veritatem
1532 5217 1595 5278 Vl;
1622 5220 1735 5268 vetitate
1762 5217 1785 5266 V
1800 5220 1824 5268 8.

169 5321 390 5382 presumpserunt
409 5313 472 5364 ΕΙ.
504 5311 513 5373 ΙΙ
545 5314 562 5364 l.
582 5314 625 5363 28.
648 5311 693 5362 vel
713 5313 778 5377 quia
798 5310 868 5360 nae.
924 5303 994 5375 ipsa]
1019 5309 1106 5373 ipsum
1132 5307 1201 5369 1⁷13
1227 5309 1287 5372 ipsa
1314 5308 1450 5373 mancipia
1476 5305 1547 5357 irad.
1602 5300 1728 5372 predicti]
1753 5307 1823 5356 infra

169 5404 321 5470 predictam
340 5405 403 5466 Vl;
422 5404 494 5454 infra
512 5403 627 5469 predicti
647 5401 717 5451 ,aaa
762 5393 863 5466 spatio]
883 5399 1002 5464 spatium
1022 5397 1079 5447 Vl.
1098 5396 1169 5447 Mod.
1213 5396 1394 5461 prodiderunt
1412 5395 1474 5446 El.
1501 5393 1510 5454 ll
1536 5395 1553 5444 l.
1568 5397 1609 5444 29.
1630 5395 1730 5444 donata
1752 5393 1823 5443 illari.

169 5487 305 5558 servituri]
324 5495 459 5544 servitura
479 5491 568 5552 iliade
585 5491 651 5542 deest
670 5491 726 5540 Vl.
746 5490 771 5539 8.
818 5480 1022 5554 permanebunt]
1041 5487 1191 5536 manebunt
1210 5485 1234 5534 1⁷
1244 5489 1266 5535 1.
1288 5484 1357 5534 trad.

125 5743 152 5784 a
280 5725 541 5798 1)X11,3‚14.
634 5721 979 5796 2)0f.X11,3,15.

225 5842 344 5886 1.1..8οοι.
360 5845 379 5883 1.
409 5843 426 5882 l.
