4478 6246
675 341 755 402 nex
777 337 1082 397 visreoruonnn
1108 340 1147 409 11,
1164 339 1194 408 2,
1212 340 1242 396 s.
1267 340 1296 396 a.
1770 337 1812 400 85

154 542 261 613 Besa]
286 554 353 619 qua
375 532 492 618 agitur,
523 531 584 594 etsi
607 531 693 593 insta
723 527 830 609 fuerit,
862 524 956 612 quasi

154 642 261 706 victus
292 639 425 726 perdat3
460 637 561 702 iudex
591 645 699 701 antem
730 656 807 699 mox
836 632 957 698 viderit

155 768 392 835 quemcumque
431 754 596 831 potentem
633 744 668 807 in
707 765 808 806 causa
850 740 955 805 cuius-

154 854 234 920 libet
256 853 467 940 patrocinari,
494 851 593 916 lioeat
616 851 647 915 ei
671 849 712 914 de
735 847 857 913 iudicio
882 869 956 911 eum

124 960 318 1027 shabicere.
381 958 479 1041 Quod
518 959 545 1022 si
588 967 704 1043 potens
747 955 957 1020 contemserit

154 1067 296 1133 iudicem
327 1077 359 1132 et
389 1075 541 1152 proterve
576 1065 731 1129 resistens
761 1062 802 1127 de
833 1061 955 1126 iudicio

155 1174 268 1261 egredi
291 1173 344 1238 vel
371 1172 479 1238 locum
510 1171 588 1236 dare
618 1169 775 1236 iudicanti
807 1168 956 1250 noluerit,

154 1291 347 1368 potestatem
370 1278 491 1344 habeat
520 1279 621 1343 index
651 1276 693 1342 ab
724 1278 795 1363 ipso
825 1285 956 1363 potente

154 1387 236 1452 duas
263 1388 336 1452 anri
363 1385 465 1451 libras
496 1386 629 1472 exigere
660 1395 693 1450 et
721 1382 808 1448 hunc
839 1384 958 1447 iniuria

111 1520 138 1559 ro
155 1495 298 1560 violenta
319 1517 339 1558 a
353 1492 475 1558 iudicio
491 1492 693 1579 propulsare.
732 1491 862 1577 Reliqui
877 1511 956 1555 vero

155 1602 289 1688 ingenui
312 1623 372 1664 sen
394 1601 493 1682 servi,
523 1600 580 1685 qui
609 1597 767 1664 admoniti
797 1620 817 1661 a
847 1596 955 1661 iudice

154 1706 333 1773 abscedere
379 1730 399 1772 a
443 1705 564 1771 indicio
611 1728 678 1770 non
722 1705 955 1786 consenserint,

155 1814 274 1902 singuli
307 1812 439 1901 publice
475 1811 692 1878 extendantur
727 1823 759 1876 et
797 1812 964 1899 quinqua·

155 1923 248 2008 genis
271 1921 474 2008 flagellorum
496 1918 639 1985 hictibus
662 1918 886 1984 verberentur.

113 2141 137 2181 n
153 2127 259 2198 iteca]
508 2126 603 2182 VIIII.

240 2233 409 2292 FLAVIUS
434 2232 753 2290 CHINDASVINDUS
777 2232 867 2286 REX.

154 2333 207 2398 Ut
243 2332 408 2419 petenti
443 2354 564 2396 servo
603 2331 742 2395 alieno
781 2352 954 2416 respon-

228 2439 327 2504 dere
358 2441 563 2526 ingenuus
594 2460 672 2502 non
702 2447 880 2502 recuset.

200 2545 373 2633 Superflua
414 2555 627 2611 excusantem
665 2544 720 2611 lex
764 2544 838 2608 ideo
885 2566 953 2608 cor-

114 2675 138 2715 ro
154 2654 241 2741 ripit,
265 2663 301 2718 ut
314 2654 421 2718 omnis
444 2653 621 2739 presumtio
639 2653 783 2717 coerceri
799 2650 954 2716 facillime

154 2761 266 2847 possit.
329 2759 485 2825 Nonnulli
530 2761 617 2825 enim
662 2761 796 2846 ingenui
842 2781 954 2824 servos

155 2866 277 2932 alienos
311 2866 421 2932 ledere
456 2868 575 2953 promti
612 2879 686 2930 sunt
722 2877 754 2932 et
788 2867 830 2932 ad
867 2867 954 2930 servi

155 2975 344 3060 petitionem
366 2973 487 3038 iudicio
512 2974 627 3039 adesse
652 2985 872 3056 contemnunt,
897 2974 952 3039 ad-

156 3091 309 3163 serentes,
334 3103 368 3144 se
393 3081 505 3167 utique
530 3102 604 3145 cum
628 3103 666 3145 eo
690 3103 824 3146 cansam
842 3081 952 3147 dicere

116 3209 138 3249 ss
155 3210 218 3252 non
264 3185 402 3270 debere,
449 3209 469 3250 a
507 3209 570 3273 quo
610 3188 657 3252 eis
703 3189 842 3274 conponi
889 3211 953 3254 non

154 3296 281 3380 poterit,
306 3294 334 3358 si
356 3295 497 3359 victores
522 3295 698 3359 extiterint.
746 3295 814 3360 Sed
836 3318 877 3360 ne
894 3319 955 3384 per

155 3401 238 3466 hauc
262 3400 460 3484 dilationem,
484 3400 562 3465 dnm
586 3401 684 3466 etiam
700 3404 787 3466 servi
803 3403 953 3468 dominus

155 3531 252 3594 snpra
285 3523 307 3572 Ι.
338 3507 429 3572 milia
462 3506 581 3572 absens
612 3519 675 3592 est,
706 3519 762 3574 ant
793 3510 953 3576 hutilitate

155 3615 276 3680 domini
311 3616 361 3679 sui
395 3615 451 3679 fiat
483 3614 756 3701 inpedimentum,
792 3626 849 3682 aut
883 3619 953 3706 ipse

117 3742 139 3782 u
155 3744 268 3787 servus
287 3720 433 3788 indebite
449 3722 593 3808 perferat
607 3722 745 3788 fortasse
760 3724 952 3810 periculum,

206 3944 243 4004 II,
257 3945 282 4004 2,
295 3945 321 3994 8.
352 3945 368 3995 l.
382 3946 406 3995 3.
426 3943 613 3994 causamlll.
632 3943 641 4005 11
659 3944 676 3994 l.
687 3946 711 3994 4.
725 3960 787 3994 eum
801 3945 834 3994 de
847 3947 952 3996 indicio

156 4033 215 4084 Ε2.
241 4030 250 4092 11
279 4035 296 4084 l.
316 4035 341 4084 5.
365 4028 505 4097 habioere]
524 4033 672 4084 abscedere
692 4032 753 4083 Ε2.
785 4033 794 4093 11
824 4035 840 4084 l.
862 4036 886 4084 6.
913 4037 952 4084 iu-

154 4123 255 4172 dicium
274 4121 299 4172 Ε
313 4125 336 4172 Ι.
360 4121 369 4184 11
392 4123 409 4173 1.
422 4123 447 4172 t.
467 4123 606 4173 iudicandi
623 4122 682 4172 Ε2.
706 4121 715 4183 11
738 4123 754 4172 1.
769 4124 793 4172 8.
812 4130 952 4189 potentem

155 4211 219 4261 ΕΙ.
252 4211 260 4270 11
292 4211 310 4262 1.
330 4213 354 4261 9.
379 4213 435 4261 sni
457 4207 634 4276 (Iepusiri)
656 4211 872 4277 profuturas
891 4213 952 4262 add.

116 4311 138 4352 to
155 4299 178 4349 Ε
196 4302 220 4350 2.
275 4301 403 4350 iniuriam
422 4299 556 4352 violentia
575 4300 637 4350 Ε2.
669 4299 678 4362 11
709 4301 726 4351 1.
748 4303 789 4351 ΙΙ.
816 4296 875 4366 sen]
894 4303 952 4352 sive

155 4389 215 4439 Ε2.
241 4383 531 4453 ]11.12.s]dsltt.

206 4479 248 4538 11,
268 4480 297 4538 a,
317 4480 342 4528 a.
388 4478 465 4528 coca
493 4478 518 4528 n
538 4481 561 4529 1.
590 4480 615 4528 2.
645 4504 677 4512 -
706 4479 723 4528 ι.
745 4481 787 4529 io.
815 4475 952 4543 curun]

155 4567 289 4619 cfflNDS
304 4567 366 4628 Rl;
382 4566 707 4618 OHINDASVINTHUS
720 4567 745 4617 B
755 4571 779 4618 2.
800 4565 809 4628 11
830 4568 846 4618 1.
860 4570 900 4620 ll.
915 4569 953 4620 Ut

153 4656 218 4706 deest
235 4655 297 4707 ΕΙ.
320 4653 329 4716 11
352 4656 369 4706 l.
385 4658 425 4706 19.
445 4657 587 4722 Superflue
607 4657 632 4706 Ε
644 4659 669 4706 2.
713 4663 863 4708 excusante
883 4657 951 4720 Ε2;

114 4757 137 4797 to
153 4746 319 4796 iudicantem
338 4745 400 4795 ΕΙ.
450 4747 569 4811 corripet
588 4745 649 4796 ΕΙ.
676 4744 684 4806 11
712 4746 728 4795 1.
748 4747 790 4796 20.
818 4743 950 4810 coerceri]

154 4835 268 4885 conferri
288 4835 350 4886 ΕΙ.
373 4831 382 4894 1
405 4835 422 4885 l.
436 4837 479 4885 22.
498 4829 543 4897 ad]
563 4834 659 4896 αΕ2;
679 4835 760 4884 ad-
775 4843 954 4887 contemnunt

152 4923 201 4974 dee.
221 4925 283 4975 ΕΙ.
309 4921 318 4984 11
344 4925 361 4975 l.
375 4925 417 4975 26.
437 4919 482 4988 ne]
503 4941 554 4975 nec
574 4925 636 4974 ΕΙ.
662 4921 671 4984 11
697 4925 714 4975 1.
732 4926 774 4976 ii.
799 4924 952 4976 dilitionem

154 5013 214 5064 ΕΙ.
259 5013 324 5064 dum
344 5015 426 5064 etiam
444 5013 495 5064 des.
515 5013 576 5064 ΕΙ.
602 5011 611 5074 11
637 5015 714 5064 128.
736 5008 821 5077 milia]
840 5012 951 5064 milibus

154 5103 214 5154 Bi.
251 5102 371 5154 utilitate
391 5103 416 5152 R
428 5104 459 5166 2,·
476 5103 599 5169 innunt:
620 5101 741 5154 utilitati.
767 5101 776 5164 11
802 5103 818 5154 t.
833 5104 875 5152 29.
895 5098 951 5166 fiat]

114 5193 237 5244 retaciat
256 5192 318 5242 ΕΙ.

1012 535 1100 605 Em]
1124 542 1215 601 suerit,
1240 542 1317 607 quasi
1337 543 1427 594 victus
1450 545 1562 610 perdat,
1587 543 1669 596 liceat
1692 547 1811 606 iudici,
1832 543 1951 615 ll‚2,8.

1012 663 1075 698 mox
1094 649 1193 698 viderit
1212 664 1410 714 quemcumque
1430 656 1568 715 potentem
1582 652 1610 701 in
1624 668 1709 703 causa
1722 654 1812 704 cuius·

1012 753 1079 804 libet
1097 757 1278 820 patrocinare,
1305 757 1339 806 de
1358 758 1461 808 iudicio
1488 774 1549 808 eum
1575 759 1694 810 abicere.
1732 760 1812 821 Quod

1011 862 1035 911 si
1054 867 1151 928 potens
1165 865 1359 929 contempserit
1372 865 1489 915 iudicem
1503 871 1530 916 et
1542 871 1669 931 proterve
1683 868 1812 918 resistens

1011 969 1045 1018 de
1064 969 1168 1020 indicio
1183 970 1276 1034 egredi
1290 969 1334 1020 vel
1354 969 1445 1020 locum
1459 971 1523 1022 dare
1536 973 1669 1023 iudicanti
1683 972 1811 1034 noluerit,

1012 1081 1177 1140 potestatem
1195 1076 1295 1127 habeat
1313 1077 1396 1128 iudex
1416 1079 1449 1128 ab
1469 1080 1530 1142 ipso
1546 1085 1659 1143 potente
1672 1080 1740 1130 duas
1753 1082 1811 1130 auri

1013 1181 1103 1242 libras,
1132 1191 1230 1233 unam
1260 1167 1332 1252 sibi,
1364 1169 1500 1235 alteram
1530 1172 1617 1257 parti
1647 1173 1726 1253 eius,
1759 1173 1811 1237 cni

1011 1286 1127 1362 potens
1146 1276 1216 1362 ipse
1233 1275 1440 1342 adversarius
1457 1278 1574 1360 extitit,
1598 1278 1810 1364 profuturam,

1012 1399 1122 1463 exigere
1147 1404 1175 1448 et
1197 1399 1270 1448 hunc
1290 1413 1365 1448 cum
1391 1399 1492 1448 iniuria
1517 1397 1641 1451 violenta
1666 1416 1683 1450 a
1708 1400 1811 1451 iudicio

1011 1502 1181 1570 propulsare.
1218 1504 1328 1570 Reliqui
1347 1521 1413 1556 vero
1432 1506 1545 1570 ingenui
1572 1507 1630 1556 sive
1655 1508 1736 1566 servi,
1763 1509 1811 1571 qui

1011 1612 1143 1662 admoniti
1163 1628 1180 1662 a
1197 1613 1288 1662 iudice
1309 1612 1349 1662 de
1368 1612 1472 1662 iudicio
1492 1614 1640 1664 abscedere
1666 1628 1722 1663 non
1748 1629 1810 1663 con-

1010 1719 1152 1778 senserint,
1172 1718 1274 1785 singuli
1293 1717 1403 1786 publice
1424 1720 1605 1770 extendantur
1628 1726 1656 1770 et
1679 1721 1811 1785 quinqua-

1010 1827 1088 1892 genis
1108 1824 1278 1891 flagellorum
1297 1827 1399 1876 ictibus
1417 1827 1603 1877 verberentur.

1010 2123 1097 2193 nis]
1362 2125 1455 2180 vim.
1827 2126 1947 2199 11,s,a

1010 2347 1054 2396 Ut
1071 2346 1217 2411 petenti
1236 2360 1343 2395 servo
1363 2343 1488 2396 alieno
1509 2345 1734 2410 respondere
1757 2345 1808 2394 in-

1203 2467 1341 2518 genuus
1365 2467 1434 2502 non
1458 2457 1614 2502 recuset.

1054 2559 1199 2626 Superflua
1230 2565 1405 2608 excusantem
1437 2557 1481 2608 lex
1516 2559 1579 2608 ideo
1612 2560 1739 2624 corripit,
1778 2565 1808 2609 ut

1009 2668 1096 2719 omnis
1115 2667 1283 2732 presumptio
1304 2666 1426 2717 coerceri
1446 2665 1578 2716 facillime
1603 2668 1698 2733 possit.
1734 2667 1807 2716 Non-

1008 2772 1078 2826 nulli
1104 2775 1175 2825 enim
1202 2774 1315 2838 ingenui
1340 2789 1434 2823 servos
1461 2771 1568 2823 alienos
1594 2770 1684 2823 ledere
1710 2775 1809 2838 promti

1009 2889 1074 2933 sunt
1096 2889 1124 2933 et
1146 2881 1181 2931 nd
1203 2881 1277 2932 servi
1302 2881 1463 2946 petitionem
1489 2880 1594 2931 indicio
1620 2881 1716 2930 adesse
1743 2896 1806 2931 con·

1008 2995 1148 3048 temnunt,
1174 2989 1346 3046 adserentes,
1373 3003 1401 3037 se
1428 2988 1523 3052 utique
1550 3003 1612 3037 cnm
1638 3003 1670 3039 eo
1696 3003 1808 3038 cansam

1008 3097 1100 3148 dicere
1119 3112 1175 3147 non
1194 3095 1302 3154 debere,
1322 3111 1339 3145 a
1358 3110 1412 3159 quo
1432 3095 1471 3144 eis
1489 3095 1608 3160 conponi
1626 3110 1682 3146 non
1698 3095 1807 3160 poterit,

1007 3205 1031 3254 si
1050 3205 1170 3254 victores
1191 3203 1337 3252 extiterint.
1371 3201 1425 3252 Sed
1443 3217 1478 3252 ne
1494 3201 1625 3268 perhanc
1639 3199 1807 3262 dilationem,

1008 3313 1071 3363 dum
1096 3312 1178 3362 etiam
1203 3311 1276 3360 servi
1301 3309 1427 3359 dominns
1453 3324 1537 3375 supra
1560 3309 1583 3356 L
1608 3307 1684 3358 milia
1709 3309 1807 3359 absens

1008 3425 1065 3478 est,
1094 3425 1142 3468 aut
1166 3416 1280 3467 utilitati
1306 3417 1409 3466 domini
1437 3417 1481 3466 sui
1509 3415 1556 3465 fiat
1582 3415 1806 3480 inpedimentum,

1008 3532 1056 3576 ant
1086 3527 1144 3592 ipse
1173 3539 1267 3575 servus
1295 3523 1416 3572 indebite
1443 3522 1563 3588 perferat
1590 3523 1705 3573 fortasse
1737 3524 1806 3588 peri-

1008 3631 1113 3693 culum,
1140 3632 1169 3681 id
1198 3629 1399 3682 coirsultissime
1427 3628 1628 3680 decernendum
1659 3627 1806 3695 elegimus:

1007 3747 1037 3790 ut
1063 3737 1133 3788 nulli
1158 3739 1268 3804 penitus
1294 3737 1433 3788 audientia
1458 3736 1617 3801 denegetur,
1643 3736 1692 3786 sed
1717 3737 1806 3785 cuius-

1060 3947 1095 4006 11,
1115 3946 1140 4006 2,
1160 3947 1185 3996 8.
1226 3945 1243 3994 l.
1267 3945 1290 3993 1.
1321 3941 1402 3992 liceat
1421 3935 1515 4005 iudici]
1534 3942 1617 3991 index
1637 3947 1728 3991 autem
1749 3941 1805 3990 Vl.

1007 4037 1032 4086 2.
1051 4038 1076 4084 4.
1109 4034 1118 4096 11
1150 4034 1166 4084 1.
1186 4035 1210 4083 2.
1237 4026 1309 4096 mox]
1337 4038 1367 4080 ut
1388 4039 1446 4096 post
1470 4030 1530 4080 add.
1552 4031 1586 4080 al.
1606 4047 1638 4079 m.
1658 4029 1686 4078 Ε
1696 4032 1720 4080 2.
1740 4030 1765 4078 V
1774 4032 1804 4090 63

1006 4141 1069 4176 mox
1089 4130 1120 4174 ut
1138 4123 1229 4172 Vcett.
1285 4136 1395 4170 cansam
1416 4118 1478 4170 Ε2.
1510 4117 1519 4178 11
1551 4120 1568 4169 1.
1589 4122 1612 4170 3.
1638 4120 1805 4186 patrocinari

1008 4213 1090 4264 liceat
1109 4214 1134 4263 ei
1154 4213 1186 4262 de
1206 4211 1263 4259 Vl.
1284 4211 1308 4260 2.
1328 4211 1352 4259 4.
1409 4202 1478 4271 enm]
1498 4207 1724 4260 contumeliosum
1744 4224 1805 4259 enm

1013 4302 1094 4352 1715.
1132 4298 1141 4360 11
1178 4301 1195 4350 l.
1215 4300 1240 4349 t.
1272 4315 1353 4348 unam
1381 4299 1433 4348 sibi
1462 4321 1495 4331 -
1525 4299 1615 4347 extitit
1642 4313 1714 4347 naec
1744 4297 1805 4348 176.

1007 4391 1023 4441 1.
1038 4393 1062 4441 8.
1082 4397 1180 4456 potens
1199 4387 1247 4438 ille
1267 4388 1324 4438 172.
1362 4381 1540 4453 profuturam]
1561 4387 1597 4436 ita
1616 4386 1643 4436 Ε
1655 4389 1677 4436 1.
1698 4387 1754 4436 172.
1775 4389 1805 4448 3;

1006 4481 1162 4546 profuturas
1180 4495 1244 4528 corr.
1263 4477 1433 4544 profuturam
1452 4474 1480 4524 Ε
1490 4477 1520 4536 2;
1540 4475 1696 4541 profuturas
1715 4475 1767 4525 171.
1782 4478 1806 4525 4.

1006 4570 1060 4620 rell.
1092 4566 1101 4629 11
1133 4569 1150 4619 l.
1170 4569 1194 4618 9.
1221 4562 1291 4630 cum]
1312 4583 1373 4617 enm
1393 4565 1455 4615 El.
1511 4566 1639 4615 iniuriam
1658 4564 1806 4615 bioleutam

1007 4657 1069 4709 Ε2.
1093 4656 1102 4717 11
1125 4659 1141 4708 l.
1158 4659 1198 4707 ll.
1218 4656 1366 4708 abscedere
1386 4656 1419 4705 de
1438 4656 1541 4706 iudicio
1561 4653 1589 4704 Ε
1601 4658 1624 4704 1.

1060 4748 1098 4808 11,
1118 4749 1142 4807 2,
1162 4749 1187 4796 9.
1226 4745 1303 4798 Codd.
1324 4744 1386 4794 El.
1406 4745 1430 4794 2.
1450 4744 1508 4794 Vi.
1529 4746 1552 4794 2.
1573 4745 1597 4794 3.
1617 4746 1642 4793 4.
1662 4745 1686 4794 5.
1706 4745 1730 4793 6.
1752 4740 1805 4804 115.

1009 4832 1063 4896 ΙΙ).
1092 4862 1126 4870 -
1154 4837 1171 4886 1.
1192 4837 1233 4886 15.
1253 4829 1347 4898 VIIII]
1366 4834 1432 4884 FLS
1457 4833 1553 4882 OHDS
1577 4833 1651 4882 REX
1669 4831 1729 4882 add.
1749 4832 1806 4882 175.

1007 4928 1032 4976 6.
1054 4928 1102 4987 11;
1126 4925 1211 4975 endem
1224 4924 1290 4990 sere,
1314 4932 1442 4988 praemon
1460 4922 1626 4982 ANTIQUA
1644 4921 1705 4972 add.
1725 4921 1806 4983 1715;

1006 5014 1072 5064 FLS
1092 5013 1159 5065 GLS
1180 5013 1303 5063 OHNDS
1322 5012 1395 5062 REX
1414 5011 1473 5061 aad.
1494 5011 1550 5061 Va.
1578 5009 1586 5070 11
1612 5011 1629 5061 1.
1649 5012 1690 5060 19.
1709 5011 1806 5076 Super-

1007 5098 1071 5166 flue]
1097 5102 1134 5152 ita
1160 5101 1188 5151 Ε
1206 5104 1229 5152 1.
1255 5101 1326 5160 1123
1352 5101 1512 5167 Superfluae
1538 5100 1562 5147 V
1578 5102 1607 5162 13
1634 5099 1807 5164 superfluum

1014 5191 1077 5252 1⁷33
1097 5191 1239 5256 Superflue
1258 5198 1311 5240 cett.
1331 5182 1354 5252 (e
1372 5207 1435 5240 corr.
1455 5189 1478 5238 V
1488 5184 1522 5250 6).
1555 5187 1564 5248 11
1596 5189 1612 5239 1.
1634 5190 1675 5238 21.
1698 5181 1806 5253 promti]

1007 5281 1125 5346 prumpti
1145 5279 1173 5328 Ε
1185 5281 1208 5329 Ι.
1231 5277 1240 5339 11
1264 5280 1280 5329 l.
1295 5281 1336 5329 22.
1357 5281 1384 5329 in
1404 5279 1508 5329 iudicio
1528 5278 1585 5327 Vl.
1610 5279 1618 5338 11
1641 5278 1657 5327 ἰ.
1672 5279 1713 5328 23.
1733 5293 1806 5328 aese-

1007 5374 1097 5420 rentcs
1115 5369 1141 5418 V.
1165 5368 1174 5430 11
1197 5368 1214 5418 1.
1229 5371 1271 5418 25.
1292 5385 1340 5434 per
1360 5365 1434 5432 (corr.
1453 5369 1504 5418 snb
1525 5366 1548 5415 17
1558 5364 1584 5428 61
1606 5367 1656 5417 hac
1673 5365 1805 5417 dilatione

1009 5457 1035 5507 Ε
1047 5460 1069 5508 Ι.
1087 5457 1147 5519 176;
1164 5457 1279 5508 subhac
1294 5456 1425 5508 dilatione
1440 5457 1494 5506 175.
1507 5455 1576 5506 Pia.
1600 5453 1608 5513 11
1631 5456 1647 5505 1.
1662 5456 1704 5505 26.
1723 5471 1806 5520 super

1007 5546 1035 5596 E
1053 5549 1075 5596 Ι.
1129 5545 1239 5597 milibus
1259 5546 1320 5596 ΕΙ.
1341 5547 1365 5594 17
1373 5549 1397 5596 3.
1429 5542 1438 5605 11
1470 5546 1486 5595 1.
1508 5545 1549 5595 27.
1576 5539 1730 5610 est]lnerit
1749 5545 1805 5594 176.

1007 5631 1130 5700 utilitati]
1162 5636 1198 5685 ita
1230 5635 1301 5685 ΕΙ.
1334 5635 1398 5685 171.
1430 5636 1454 5684 6.
1486 5633 1572 5696 iiia,-
1603 5633 1721 5686 utilitete
1751 5642 1805 5684 cett.

1006 5726 1023 5776 l.
1038 5727 1080 5776 29.
1100 5721 1136 5789 id]
1156 5727 1195 5775 itu
1214 5726 1269 5774 Vl.
1291 5727 1314 5774 6.
1338 5723 1346 5783 11
1369 5724 1386 5774 1.
1401 5725 1443 5774 30.
1462 5723 1510 5774 sed
1530 5725 1554 5774 sl
1574 5724 1630 5774 Vl.
1651 5727 1674 5773 5.
1693 5724 1717 5772 6.
1736 5722 1805 5772 Pitlt.
