4432 6232
635 352 715 406 unx
736 350 1039 408 vrsraorsonuu
1062 349 1113 418 IV,
1132 349 1161 418 s,
1180 347 1209 405 s.
1358 304 1362 314 ⁴
1684 341 1744 404 191

98 555 188 607 Base.
202 552 287 624 Era]
322 539 432 621 faciat,
455 561 514 626 per
537 537 625 625 quod
647 537 853 624 postmodum
875 537 934 602 filii
956 537 1171 602 hereditatem
1194 535 1257 601 sibi
1286 535 1430 601 debitam
1457 547 1602 623 querant.
1650 535 1747 619 Quod
1764 545 1896 618 ΠΜ.

98 646 125 709 si
147 655 253 709 mater
276 645 374 711 alium
397 647 549 710 maritum
573 646 746 732 acceperit,
771 655 803 709 et
826 644 943 730 aliquis
967 643 1007 708 de
1030 643 1105 708 filiis
1128 644 1194 708 iam
1217 643 1259 708 ad
1281 643 1472 730 perfectum,
1504 643 1538 707 id
1568 653 1617 708 est
1643 667 1746 731 usque

97 751 140 816 ad
162 765 210 815 xx
233 774 392 817 annorum
414 753 586 839 perveniat
615 760 744 834 etatem,
776 753 845 838 ipse
876 751 1018 816 iuniores
1048 750 1164 814 frames
1194 772 1253 814 sua
1282 751 1417 815 tuitione
1447 749 1602 816 defendat
1632 761 1664 815 et
1692 773 1746 815 res

98 880 210 923 eorum
239 881 301 924 nec
331 857 373 924 ab
403 860 484 947 ipsis
514 881 574 923 nec
605 857 647 922 ab
677 857 749 922 aliis
780 859 945 945 permittat
976 858 1079 922 everti
1114 879 1176 921 nec
1211 856 1321 943 aliqua
1349 856 1557 944 neglegentia
1586 857 1745 944 deperire.

68 989 81 1028 s
100 965 195 1047 Quod
219 967 248 1029 si
271 989 326 1030 eas
350 967 420 1052 ipse
444 966 527 1030 forte
551 966 765 1030 consumserit
788 976 844 1029 aut
865 963 1050 1029 vendiderit
1072 963 1126 1028 vel
1149 962 1319 1028 donaverit
1342 973 1398 1028 aut
1420 985 1479 1050 per
1505 964 1746 1050 neglegentiam

99 1093 190 1136 suam
224 1073 331 1158 perire
365 1073 558 1160 permiserit,
595 1095 669 1137 cum
699 1071 815 1136 fratres
845 1070 1057 1154 adoleverint,
1088 1093 1142 1153 ea,
1178 1092 1241 1157 que
1276 1092 1335 1156 per
1369 1070 1609 1156 neglegentiam
1644 1072 1746 1158 ipsius

99 1177 306 1265 deperierint,
331 1179 371 1244 de
396 1202 455 1244 sua
477 1179 541 1244 illis
571 1180 719 1265 portione
750 1179 906 1243 restituat.
961 1176 1022 1242 uui
1052 1189 1162 1242 tamen
1191 1177 1231 1242 de
1262 1175 1421 1242 fructibus
1452 1176 1495 1241 ad
1521 1178 1644 1242 victum
1673 1199 1745 1264 pre-

98 1284 248 1349 sumendi
270 1296 397 1372 partem
421 1285 582 1350 decimam
604 1308 670 1350 non
692 1307 860 1370 negamus,
888 1295 923 1349 ut
945 1308 1011 1350 non
1033 1284 1105 1368 hee,
1136 1307 1199 1371 que
1230 1283 1328 1348 debet
1357 1284 1535 1349 minoribus
1566 1307 1745 1368 reservare,

97 1391 206 1456 nimiis
230 1403 356 1457 evertat
384 1393 538 1479 expensis
549 1396 569 1456 1.
624 1392 660 1458 Si
691 1415 770 1478 quas
801 1414 879 1456 vero
910 1391 950 1456 de
981 1414 1038 1456 suo
1068 1414 1127 1478 pro
1158 1389 1383 1456 communibus
1413 1391 1661 1457 necessitatibus
1691 1402 1747 1458 aut

56 1522 80 1562 to
97 1499 236 1584 negotiis
260 1522 421 1586 expensas
445 1499 568 1581 fecerit,
593 1499 680 1564 facta
703 1509 855 1585 presente
878 1498 986 1562 iudiee
1010 1499 1145 1580 ratione,
1170 1497 1211 1563 de
1236 1520 1284 1580 ea,
1309 1520 1372 1584 que
1396 1499 1475 1585 ipsis
1499 1521 1519 1562 a
1541 1509 1635 1584 patre
1660 1521 1745 1564 com·

96 1606 203 1669 munis
226 1605 340 1670 relicta
363 1617 412 1670 est
435 1605 627 1688 substantia,
651 1605 738 1692 quod
762 1604 955 1692 expenderit
978 1615 1203 1692 consequatur.
1250 1604 1347 1686 Quod
1371 1606 1398 1669 si
1421 1605 1536 1670 fratres
1560 1606 1630 1669 eius
1652 1607 1746 1671 etatis

97 1711 149 1775 vel
172 1712 281 1777 meriti
302 1735 368 1777 non
389 1713 518 1795 fuerint,
544 1713 599 1800 qui
623 1712 844 1777 defensionem
869 1712 1049 1798 suscipiant
1071 1711 1256 1776 orfanorum
1264 1712 1289 1794 *,
1313 1721 1390 1776 tunc
1413 1723 1547 1798 patruus
1570 1711 1624 1778 vel
1639 1713 1746 1799 patrui

96 1818 181 1883 filius
205 1819 314 1903 tutele,
346 1820 475 1906 qualem
504 1819 544 1884 de
574 1819 729 1884 fratribus
759 1820 994 1901 constituimus,
1026 1818 1249 1883 condicionem
1281 1820 1445 1905 suscipiat.
1499 1818 1598 1900 Quod
1628 1820 1655 1882 si
1684 1841 1745 1884 nec

96 1936 232 2011 patruus
255 1948 316 1991 nec
339 1928 448 2013 patrui
471 1926 567 2008 filius,
593 1928 649 2012 qui
673 1925 771 2012 digne
795 1925 928 1990 tutelam
951 1926 1108 2011 suscipiat
1131 1924 1327 2008 orfanorum,
1358 1924 1464 2008 fuerit,
1493 1937 1570 1990 tunc
1593 1936 1680 1991 tutor
1703 1925 1744 1990 ab

56 2031 167 2096 maliis
191 2031 381 2118 parentibus
405 2033 439 2096 in
461 2034 626 2119 presentia
648 2033 765 2098 iudicis
790 2033 957 2118 eligaturt
1004 2032 1048 2096 Et
1070 2033 1139 2096 sive
1164 2042 1267 2096 mater
1290 2030 1432 2114 tutelam,
1457 2033 1526 2096 sive
1549 2034 1745 2120 quicumque

96 2141 287 2225 susceperit,
310 2138 516 2225 presentibus
540 2139 678 2205 testibus
701 2140 755 2204 vel
778 2140 969 2226 propinquis
994 2138 1034 2203 de
1059 2137 1208 2202 omnibus
1232 2138 1340 2221 rebus,
1372 2160 1452 2225 quas
1475 2149 1570 2225 pater
1595 2138 1744 2226 reliquid,

96 2243 228 2310 brevis³
250 2245 356 2310 factus
388 2247 485 2310 trium
508 2246 562 2311 vel
592 2247 735 2332 quinque
766 2247 897 2310 testium
927 2246 1141 2331 suscriptione
1171 2245 1325 2327 firmetur,
1357 2256 1389 2310 et
1418 2244 1624 2332 presentibus
1654 2248 1744 2333 ipsis,

96 2353 152 2438 qui
175 2352 218 2417 ad
240 2350 375 2428 brevem
397 2352 585 2418 faciendum
607 2362 707 2417 testes
730 2352 944 2434 interfuerint,
976 2352 1129 2438 episcopo
1160 2362 1216 2416 aut
1245 2350 1436 2437 presbitero,
1468 2374 1564 2439 quem
1592 2364 1745 2439 parentes

96 2457 262 2546 elegerint,
287 2457 396 2524 brevis
424 2458 678 2542 commendetur,
702 2457 890 2541 minoribus,
919 2458 996 2523 dum
1026 2456 1238 2540 adoleverint,
1268 2458 1503 2523 reformandus
1558 2459 1744 2525 Statuentes

55 2587 79 2628 so
96 2565 203 2648 etiam,
234 2577 279 2648 ut,
310 2567 338 2630 si
362 2588 425 2652 que
457 2576 570 2630 contra
599 2567 760 2630 minorum
790 2587 946 2652 personas
977 2565 1115 2629 adverse
1147 2566 1344 2630 accesserint
1374 2567 1529 2649 actiones,
1560 2566 1610 2630 his
1639 2568 1743 2631 inten-

95 2671 236 2737 tionibus
260 2682 355 2755 tutor,
388 2673 415 2737 si
440 2672 584 2758 elegerit,
616 2671 734 2737 debeat
763 2694 880 2758 parare
911 2694 1102 2759 responsum
1111 2679 1134 2736 4.
1181 2671 1278 2737 Certe
1310 2674 1337 2736 si
1366 2672 1555 2756 neclexerit,
1584 2675 1744 2761 repetenti

96 2801 158 2864 que
181 2779 324 2866 postulat
353 2802 374 2844 a
403 2778 511 2844 iudice
542 2781 770 2862 restituantur3
802 2779 891 2844 salvo
922 2790 1031 2844 tamen
1061 2781 1221 2844 minorum
1250 2781 1392 2866 negotio,
1424 2779 1501 2844 dum
1531 2780 1743 2863 adoleverint,

95 2884 138 2949 ad
159 2887 323 2972 integrum
346 2885 597 2952 reformandum.
644 2885 701 2950 Ille
726 2908 814 2969 vero,
839 2887 895 2973 qui
918 2885 961 2949 ad
983 2909 1118 2972 presens
1141 2909 1210 2951 rem
1234 2889 1340 2974 ipsam
1362 2897 1473 2974 petere
1498 2889 1631 2974 ceperit,
1660 2889 1687 2951 si
1710 2889 1744 2952 in

255 3083 281 3160 *l
301 3096 350 3146 Vs
368 3095 457 3147 addit:
480 3093 503 3146 si
527 3093 571 3148 avi
594 3091 748 3148 defuerint.

49 3334 77 3375 as
201 3319 249 3379 IV,
269 3322 294 3378 3,
313 3322 338 3370 3.
376 3320 431 3370 tl.
452 3320 571 3370 debitam
590 3319 656 3369 decet
674 3318 735 3368 ΙΙΙ.
759 3315 768 3380 ΙΙ
790 3319 808 3369 l.
821 3319 846 3368 2.
866 3317 952 3383 aliqui
971 3318 1033 3369 lli.
1053 3318 1116 3368 El.
1153 3314 1314 3384 perfeetum]
1332 3319 1369 3371 ita
1388 3319 1450 3370 Bi.
1469 3319 1677 3387 E5perfectsm
1690 3328 1744 3372 cett.
1826 3361 1829 3368 ,

94 3409 110 3460 Ι.
125 3411 150 3460 3.
170 3409 206 3459 ad
223 3409 289 3458 deest
306 3409 370 3459 131.
406 3403 466 3472 XX]
484 3409 550 3458 XXI
570 3407 627 3459 Va.
651 3406 660 3469 ΙΙ
685 3409 701 3458 l.
715 3411 739 3458 4.
759 3409 898 3474 permittet
916 3408 978 3459 121.
1004 3408 1013 3468 ll
1039 3409 1055 3459 l.
1070 3409 1094 3458 6.
1115 3404 1186 3471 cum]
1208 3425 1289 3474 quam
1309 3408 1371 3459 El.
1401 3406 1410 3469 ll
1439 3409 1455 3460 1.
1470 3411 1495 3460 l.
1515 3409 1663 3477 deperierit
1681 3409 1744 3461 R2.

100 3498 163 3561 1⁷33
185 3498 358 3564 deperierant
377 3497 440 3560 Va;
461 3499 592 3565 perierint
609 3497 680 3548 Mad.
704 3494 713 3558 ll
736 3497 753 3548 l.
767 3499 791 3548 9.
810 3498 890 3548 nimis
911 3496 972 3547 R2.
991 3495 1025 3546 E.
1044 3495 1101 3548 Vr.
1139 3492 1217 3563 quas]
1236 3499 1297 3562 quis
1317 3497 1373 3548 V2.
1394 3499 1419 3548 6.
1439 3500 1463 3549 7.
1483 3497 1552 3548 Ra.
1574 3496 1583 3558 ll
1606 3500 1622 3549 l.
1639 3501 1679 3549 10.
1700 3516 1743 3550 ex·

93 3587 430 3655 pensisB13sxpsnsns
450 3585 513 3637 El.
551 3589 675 3638 comunis
694 3586 756 3637 121.
775 3586 838 3637 Ε2.
857 3586 914 3637 Vl.
937 3585 946 3648 ΙΙ
969 3587 986 3637 l.
1001 3587 1041 3636 12.
1060 3587 1162 3636 meritis
1181 3586 1244 3649 Vv;
1264 3589 1367 3637 meritis
1385 3585 1429 3638 vel
1448 3589 1538 3638 meriti
1557 3587 1614 3638 V2.
1651 3588 1743 3638 defen·

94 3678 172 3728 sione
192 3676 220 3726 E
230 3679 254 3727 2.
274 3675 331 3727 Vs.
377 3677 532 3727 arianorum
551 3676 613 3726 Rl.
643 3675 652 3737 ΙΙ
681 3677 753 3728 tls.
774 3669 972 3737 condicionem]
994 3677 1190 3726 tuitionem
1210 3675 1257 3726 Vb
1276 3684 1300 3727 ct
1317 3676 1345 3726 ia
1363 3694 1441 3742 usurp.
1461 3676 1529 3728 Pitlt.
1559 3675 1568 3738 11
1597 3679 1671 3729 t14.
1690 3693 1744 3728 non

42 3778 77 3821 ιο
93 3767 178 3817 fuerit
196 3766 258 3816 122.
277 3764 340 3816 112.
371 3764 381 3828 ΙΙ
412 3767 429 3818 1.
444 3767 486 3817 16.
505 3765 617 3831 reliquit
635 3764 697 3817 El.
717 3765 827 3816 Vl-ss.
859 3764 868 3827 ΙΙ
900 3765 917 3815 l.
933 3766 973 3816 17.
992 3766 1084 3816 brebis
1103 3764 1164 3816 E2.
1185 3765 1242 3816 Vt.
1279 3761 1472 3832 suscriptione]
1491 3765 1528 3816 ita
1546 3765 1578 3816 R.
1598 3766 1662 3829 Vn
1682 3769 1743 3818 sub-

95 3855 246 3920 scriptione
270 3863 324 3906 catt.
356 3853 366 3918 ll
397 3857 477 3907 tta.
504 3856 586 3906 brebe
606 3855 674 3917 1223
701 3855 810 3906 brebem
831 3853 858 3904 E
868 3856 893 3904 2.
912 3853 969 3904 V'l.
1025 3860 1072 3905 aut
1090 3853 1156 3904 seat
1174 3854 1237 3914 V2;
1258 3853 1302 3905 vel
1321 3855 1378 3905 Vs.
1410 3853 1419 3916 ll
1451 3856 1467 3906 l.
1489 3857 1529 3906 19.
1556 3857 1653 3906 brebes
1672 3855 1743 3918 Rl;

94 3944 186 3994 brebis
206 3943 268 3994 Ε2.
288 3943 344 3996 Vr.
377 3943 386 4006 ll
417 3945 434 3995 l.
454 3946 497 3996 20.
523 3945 640 3994 minores
660 3943 716 3994 Va.
772 3938 947 4006 accesserint]
971 3943 1142 3993 audesscrint
1162 3944 1196 3993 al.
1215 3961 1283 3993 asan.
1304 3943 1330 3993 B
1344 3947 1366 3994 1.
1420 3945 1655 3996 intemtationibus
1675 3944 1744 4008 Em

95 4034 354 4084 incontemrionibus
380 4033 443 4085 V‘l.
484 4031 492 4092 ll
533 4034 550 4083 l.
575 4035 617 4084 21.
649 4027 770 4098 elegerit]
795 4033 832 4083 ita
857 4031 882 4081 R
899 4033 923 4082 2.
949 4031 982 4082 Ε.
1009 4032 1033 4081 V
1049 4033 1124 4082 1-8.
1153 4035 1201 4094 14;
1229 4032 1361 4097 helegerit
1382 4033 1408 4082 R
1423 4035 1452 4093 1;
1481 4032 1645 4084 voluerit
1672 4034 1743 4085 Mad.

95 4116 251 4186 neclexerit]
268 4122 307 4172 ito
324 4122 357 4172 B.
377 4122 440 4184 1⁷73
460 4121 612 4188 neglexerit
628 4121 682 4171 alii.
714 4118 724 4182 11
755 4122 772 4172 l.
786 4124 828 4173 22.
849 4115 912 4186 que]
932 4121 1005 4187 quod
1025 4121 1082 4175 Vl.
1102 4123 1117 4171 2
1136 4129 1160 4171 rt
1176 4138 1189 4171 e
1206 4138 1270 4172 corr.
1289 4121 1347 4172 Vs.
1393 4124 1549 4172 restituatur
1567 4123 1625 4173 Vl.
1645 4125 1668 4173 2.
1714 4129 1744 4174 ut

41 4223 78 4265 ⁸⁶
96 4211 158 4262 dum
177 4209 240 4261 El.
271 4210 281 4272 ll
312 4213 329 4262 l.
349 4213 391 4262 23.
418 4206 626 4274 reformandum]
644 4211 681 4260 ita
699 4211 733 4262 ll.
752 4210 784 4261 E.
804 4210 860 4261 Va.
881 4212 912 4270 ῖς
937 4210 1109 4262 reformando
1127 4219 1182 4261 cett.
1231 4217 1353 4277 repetere
1373 4211 1434 4262 aa.
1486 4207 1598 4278 ceperit]
1619 4213 1656 4262 ito
1675 4212 1743 4274 1313

96 4301 219 4367 eoeperit
237 4299 265 4350 Ε
277 4303 306 4363 1;
327 4307 438 4366 ceperat
456 4299 484 4350 E
495 4302 519 4350 2.
539 4300 602 4361 V1;
623 4301 696 4366 cepit
714 4299 739 4350 li
752 4302 776 4350 2.
796 4299 853 4350 Vt.
873 4302 903 4362 63
925 4301 1015 4365 coepit
1032 4298 1087 4350 olii.

205 4515 233 4586 1)
266 4516 311 4573 De
340 4517 391 4574 ltoc
421 4519 480 4574 Ιοσο
511 4517 552 4589 cs.
578 4518 684 4588 Kraat,
709 4516 979 4588 ‘Vormunctscltaft’
1004 4515 1045 4587 II,
1070 4536 1104 4592 p.
1130 4515 1170 4572 56
1187 4537 1229 4592 sq.
1262 4525 1288 4574 et
1313 4515 1393 4588 Rive,
1419 4515 1531 4576 ‘Gaea
1557 4519 1584 4575 d.
1609 4519 1650 4575 D.
1674 4521 1744 4577 Vor-

97 4624 292 4696 mandsclraft'
317 4622 341 4694 I,
361 4644 395 4700 p.
415 4621 487 4680 199.
581 4623 611 4693 2)
638 4621 686 4696 C'f.
713 4623 747 4680 L.
771 4623 854 4681 lions.
877 4623 934 4680 Vis.
961 4621 992 4682 C.
1016 4623 1067 4679 Ti.
1091 4622 1266 4694 111,1t,4.
1290 4623 1434 4700 interpr:
1458 4626 1529 4681 Nam
1553 4627 1575 4681 si
1599 4627 1743 4683 defuerint

96 4749 244 4803 personae,
269 4749 338 4802 quas
362 4731 490 4800 diximus,
516 4738 545 4786 et
568 4737 659 4786 mater
682 4731 801 4786 tutelam
824 4732 968 4802 suscipere
991 4732 1124 4799 noluerit,
1156 4737 1223 4787 tunc
1248 4773 1254 4786 .
1281 4773 1288 4786 .
1314 4772 1323 4788 .
1348 4733 1451 4789 electio
1477 4734 1577 4789 iudicis
1599 4735 1647 4804 vel
1676 4753 1741 4806 pro-

49 4857 81 4895 so
96 4839 254 4893 vincialium
276 4845 386 4894 tutores
408 4839 559 4894 minoribus
583 4839 750 4909 deputabit3
775 4836 840 4893 ibid.
862 4837 891 4892 3.
916 4837 1060 4912 [alapas
1085 4837 1203 4902 Quoties
1228 4840 1263 4894 de
1288 4839 1457 4912 pupillorum
1480 4841 1573 4896 tutela
1593 4847 1741 4912 tractatur,

97 4945 205 5001 debent
227 4946 309 5016 primi
330 4947 441 5017 patriae
466 4963 529 5000 cum
552 4945 645 5001 iudice
672 4987 679 5000 .
705 4987 711 4999 .
739 4986 745 5000 .
770 4952 819 5000 aut
843 4952 967 5001 tutorem
990 4951 1039 5000 aut
1062 4953 1220 5002 curatorem
1245 4946 1362 5018 eligere.
1454 4947 1485 5016 3)
1509 4947 1555 5004 Dc
1578 4947 1744 5006 inventariis

97 5071 116 5108 a
137 5050 271 5109 auritus
287 5051 436 5122 faciendis
458 5072 485 5109 v.
510 5051 546 5107 L.
569 5050 652 5108 Rom.
675 5051 732 5109 Vis.
759 5048 790 5109 (ἶ.
814 5051 863 5108 lb.
888 5050 945 5122 III,
973 5049 1022 5122 19,
1048 5051 1084 5107 4:
1107 5052 1230 5108 Tutores
1255 5055 1355 5110 eodem
1377 5063 1529 5124 momento,
1558 5074 1612 5127 quo
1635 5056 1742 5111 fuerint

96 5160 226 5230 ordinati,
249 5177 312 5214 mox
335 5160 440 5215 adeant
464 5159 633 5232 cognitores,
657 5166 689 5214 ut
711 5159 910 5230 praesentibus
932 5159 1108 5230 primatibus,
1134 5160 1295 5229 defensore,
1319 5159 1418 5216 officiis
1442 5163 1526 5216 etiam
1549 5162 1678 5234 publicis,
1698 5164 1741 5218 in-

96 5266 223 5322 ventario
238 5265 394 5322 solenniter
408 5265 494 5334 facto,
512 5272 562 5321 etc.
596 5263 739 5341 Iotape:
755 5267 820 5321 Mox
836 5267 873 5320 ad
888 5265 1007 5320 tutelam
1024 5266 1086 5337 quis
1101 5267 1264 5335 accesserit,
1281 5268 1413 5323 adhibitis
1429 5269 1561 5324 continuo
1576 5270 1741 5340 primatibus

59 5387 82 5427 ta
97 5374 218 5430 civitatis
240 5373 287 5429 vel
311 5374 462 5430 defensore
486 5391 549 5429 eum
572 5371 667 5428 officio
689 5390 749 5442 suo,
774 5379 909 5444 suscepta
930 5373 1030 5444 pupilli
1053 5374 1226 5429 benefacto
1256 5392 1350 5430 renim
1380 5376 1537 5431 conscribat
1566 5377 1739 5446 inventario,

97 5479 137 5551 cs.
161 5478 243 5537 ctiam
268 5479 303 5536 L.
328 5479 410 5536 Rom.
437 5477 504 5537 Cur.
529 5477 586 5549 III,
610 5478 660 5550 19,
681 5479 710 5549 4,
736 5478 799 5536 LL.
823 5478 855 5550 V,
873 5500 907 5556 p.
926 5477 1007 5551 340;
1032 5479 1129 5538 Fortu.
1153 5480 1258 5538 lbron.
1285 5480 1335 5552 24,
1361 5480 1424 5538 LL.
1451 5481 1548 5538 Fortu.
1568 5502 1600 5558 p.
1624 5483 1683 5538 148
1697 5503 1739 5558 sq.

98 5585 128 5656 4)
165 5585 213 5659 Of.
245 5586 280 5643 L.
311 5585 403 5664 Bury.
435 5585 494 5643 85.-
530 5592 576 5656 ut,
612 5587 634 5641 si
665 5604 777 5642 causam
806 5605 872 5658 pars
905 5587 1018 5643 minoris
1051 5587 1193 5656 habuerit,
1229 5589 1291 5660 ipsa
1319 5606 1441 5660 persona
1469 5591 1655 5662 respondeat,
1693 5591 1740 5662 qui

98 5699 215 5750 tutelam
238 5694 374 5767 suscepit.
