4432 6248
637 341 717 396 LEX
739 340 1042 399 VISIGOTHORUM
1064 341 1117 408 IV,
1137 341 1164 409 1,
1182 341 1216 411 'l3
1243 341 1272 396 2.
1717 333 1778 396 173

131 527 323 598 Reae-Bw]
342 533 391 584 sed
411 548 444 583 ox
463 538 620 584 transversa
640 531 712 583 linea
732 535 907 586 continentur
924 535 1016 585 fratris
1034 535 1171 586 sororisvs
1191 534 1348 600 adnepotes,
1368 533 1508 601 adneptes,
1528 534 1695 593 consubrini,
1715 550 1778 585 con·
1797 525 1925 598 rv,1‚r.

130 623 239 672 subrina
259 621 307 672 filii
326 621 446 688 filiaque.

16 711 122 757 tumltu

11 763 122 816 mmm.
236 729 426 780 Successiouis
445 736 536 780 autam
556 729 659 780 idcirco
679 730 780 796 gradus
800 735 904 796 septem
924 731 1067 780 constituti
1085 735 1158 789 sunt,
1184 731 1249 794 quia
1275 728 1390 780 ulterius
1415 747 1464 795 pcr
1490 746 1578 780 rerum
1604 735 1702 780 natura
1727 745 1777 780 nec

129 819 240 870 nomina
258 819 376 869 inveniri
395 835 446 869 nec
465 821 523 869 vita
541 819 753 870 succedentibus
772 821 918 886 propagari
935 825 1035 886 potest.

100 1073 323 1144 attacorum
562 1063 605 1128 Π.
625 1062 837 1128 TITULUS:
868 1063 931 1128 DE
956 1061 1347 1130 SUOCESSIONIBUS.

244 1205 271 1270 I.
309 1205 355 1271 Ut
378 1228 504 1272 sorores
528 1205 779 1270 cumfratribus
803 1206 961 1292 equaliter
983 1207 1017 1270 in
1040 1218 1210 1293 parentum
1234 1207 1413 1272 hereditate
1438 1208 1625 1273 succedant.

229 1339 273 1404 II.
313 1339 411 1421 Quod
432 1341 467 1404 in
490 1339 679 1404 hereditatis
703 1341 909 1405 successione
933 1340 990 1404 filii
1014 1341 1111 1426 primi
1134 1351 1217 1405 sunt.

209 1474 270 1539 IH.
310 1473 345 1540 Si
369 1484 425 1539 aut
447 1473 488 1538 de
513 1474 671 1560 superiori
694 1483 750 1538 aut
773 1472 814 1538 de
837 1473 983 1538 inferiori
1005 1496 1126 1560 genere
1157 1474 1273 1539 directi
1297 1474 1419 1540 ordinis
1442 1497 1581 1562 persone
1604 1475 1775 1558 defuerint,

309 1592 387 1647 tunc
411 1603 431 1645 a
453 1580 554 1645 latere
577 1582 746 1644 venientes
770 1580 932 1645 facultatis
956 1581 1120 1668 accipiant
1142 1583 1316 1668 portiones,

65 1741 103 1782 ιο
192 1715 270 1780 ΗΠ.
311 1715 377 1796 Qui
406 1714 582 1780 succedere
611 1723 747 1800 possunt
776 1715 810 1778 in
839 1737 950 1780 eorum
981 1713 1201 1798 facultatibus,
1232 1718 1287 1802 qui
1317 1738 1379 1780 neo
1403 1717 1532 1802 scriptis
1555 1738 1616 1780 neo
1640 1715 1776 1780 testibus

311 1844 401 1886 suam
426 1821 561 1908 alligant
583 1820 802 1886 volumtatem.

230 1955 270 2020 V.
310 1955 362 2020 De
387 1957 593 2020 successione
617 1955 752 2019 fratrum
782 1965 813 2019 et
837 1978 982 2021 sororum
1006 1957 1075 2019 sive
1098 1955 1236 2038 illorum,
1267 1956 1323 2041 qui
1354 1955 1394 2020 de
1426 1955 1562 2020 diversis
1586 1955 1775 2042 parentibus

309 2074 514 2150 generantur.

213 2197 271 2261 Vl.
311 2196 345 2262 Si
370 2197 430 2280 his,
455 2197 511 2284 qui
535 2197 680 2280 moritur,
705 2219 786 2261 avus
809 2196 971 2284 relinquat
993 2207 1050 2261 aut
1073 2197 1174 2261 avias.

53 2358 102 2400 ιο
197 2331 270 2395 Vll.
310 2329 345 2396 Si
368 2330 428 2412 his,
453 2332 509 2417 qui
532 2331 677 2413 moritur,
701 2353 827 2395 sorores
850 2329 1013 2417 relinquat
1035 2331 1135 2416 patris
1160 2341 1215 2395 aut
1237 2332 1359 2395 matris.

180 2464 269 2528 VIII.
309 2463 344 2529 Si
367 2463 428 2546 his,
453 2465 509 2550 qui
532 2465 677 2546 moritur,
701 2463 783 2528 filios
807 2464 916 2528 fratris
939 2462 992 2528 vel
1016 2465 1134 2528 sororis
1158 2464 1341 2551 relinquere
1365 2463 1525 2528 videatur.

165 2597 270 2662 VIIII.
310 2596 407 2678 Quod
430 2598 464 2662 in
488 2619 616 2662 omnem
639 2596 854 2661 hereditatem
877 2597 999 2662 femina
1022 2599 1128 2684 accipi
1152 2596 1281 2661 debeat.

226 2731 269 2796 X.
307 2730 399 2813 Item,
430 2741 465 2796 ut
494 2732 530 2795 in
560 2753 688 2796 ornnem
715 2729 929 2796 hereditatem
952 2731 1073 2796 femina
1096 2731 1202 2818 accipi
1226 2729 1361 2814 debeat3
1398 2741 1430 2795 et
1460 2730 1557 2816 quod,
1588 2732 1644 2817 qui
1673 2730 1776 2816 gradu

308 2837 445 2903 alterurn
468 2837 625 2925 precedit,
650 2837 704 2902 ille
728 2839 968 2903 successionem
991 2839 1129 2902 vicinior
1152 2839 1270 2924 capiat.

66 2991 109 3028 πο
213 2972 272 3036 ΧΙ.
311 2972 364 3036 De
389 2972 627 3037 successionem
651 2973 759 3036 mariti
783 2982 815 3036 et
837 2973 959 3036 uxoris.

195 3107 270 3172 XII.
308 3106 362 3171 De
386 3105 565 3170 hereditate
590 3105 782 3170 clericorum
806 3115 838 3170 et
860 3128 1080 3170 monacorum.

181 3240 270 3304 XIII.
310 3239 356 3305 Ut
378 3250 452 3326 post
474 3251 610 3304 mortem
633 3241 745 3304 matris
768 3237 826 3303 filii
849 3239 883 3304 in
905 3241 1007 3326 patris
1030 3249 1189 3326 potestate
1218 3241 1411 3322 consistant3
1443 3209 1475 3304 et
1505 3238 1584 3326 quid
1614 3239 1776 3304 derebus

308 3345 449 3412 filiorum
472 3369 570 3433 agere
595 3347 768 3411 conveniat
790 3357 926 3433 patrem.
1000 3347 1004 3356 '

156 3477 267 3544 XIIII.
308 3479 344 3546 Si
367 3491 470 3544 mater
493 3481 528 3543 in
550 3480 708 3544 viduitate
732 3481 963 3567 permanserit,
995 3479 1143 3567 equalem
1166 3481 1251 3544 inter
1273 3479 1356 3544 filios
1381 3481 1489 3567 capiat
1511 3481 1710 3566 portionem3
1744 3492 1776 3544 et

71 3587 96 3626 ¹⁵
307 3586 386 3673 quid
410 3586 450 3651 dc
474 3585 572 3650 rebus
594 3585 734 3651 filiorum
757 3609 854 3672 agere
879 3587 1052 3651 conveniat
1074 3597 1221 3650 matrem.

195 3721 268 3785 XV.
306 3721 357 3786 Ne
387 3743 471 3786 uxor
501 3719 563 3784 sibi
593 3720 739 3785 vindicet
768 3720 855 3807 quod
884 3721 1018 3784 maritus
1043 3743 1116 3784 cum
1141 3721 1244 3784 servis
1269 3721 1337 3784 eius
1362 3719 1560 3807 adquississe
1585 3721 1773 3786 constiterit.

179 3854 269 3919 XVI.
307 3853 361 3918 De
383 3853 445 3936 his,
469 3877 533 3940 que
556 3855 608 3918 vir
631 3868 663 3919 et
685 3877 769 3919 uxor
791 3855 824 3919 in
849 3855 1000 3939 coniugio
1025 3855 1190 3918 constituti
1215 3855 1407 3939 conquirere
1430 3865 1613 3940 potuerunt.

155 3985 268 4053 XVII.
306 3987 359 4052 De
382 3987 530 4074 parvulo,
555 3988 694 4075 qualiter
717 3987 929 4052 hereditatem
954 3984 1071 4074 capere
1095 3988 1206 4074 possit.

131 4111 267 4186 XVIII.
307 4121 455 4202 Qualiter
478 4121 692 4186 hereditatem
715 4120 843 4208 parvuli
866 4131 1017 4208 parentes
1040 4120 1177 4207 adsequi
1201 4123 1335 4208 possint.

70 4240 269 4321 ”XVHIL
308 4256 361 4321 De
384 4256 552 4342 postumia.

191 4391 267 4454 XX.
306 4390 352 4454 Ut
382 4391 437 4476 qui
466 4389 549 4454 filios
579 4411 645 4454 non
674 4389 842 4476 reliquerit
871 4388 1014 4453 faciendi
1045 4388 1085 4453 de
1122 4388 1220 4454 rebus
1255 4391 1321 4454 suis
1359 4388 1446 4476 quod
1479 4389 1618 4454 voluerit
1654 4389 1774 4455 habeat

307 4506 509 4584 potestatem.

231 4805 278 4864 IV,
299 4806 322 4865 l,
343 4805 367 4855 7.
404 4804 421 4854 l.
441 4806 465 4854 1.
491 4803 641 4869 adnepotes
667 4798 807 4869 adneptcs]
833 4804 869 4854 ita
888 4804 928 4866 B,-
953 4806 1073 4872 adnepos
1093 4805 1223 4869 adneptes
1243 4803 1309 4866 Ε2;
1335 4805 1480 4870 adnepotis
1500 4806 1617 4871 adnepta
1635 4805 1663 4854 E
1671 4808 1699 4868 l;
1726 4808 1772 4856 ab·

122 4894 210 4957 ¹¹epos
228 4895 353 4958 abneptis
379 4893 406 4942 V.
428 4889 437 4952 ll
460 4893 478 4944 1.
497 4895 522 4943 4.
542 4887 697 4959 propagari]
716 4893 753 4943 ita
771 4893 860 4953 eodd.,·
877 4895 1020 4960 prorogari
1038 4893 1071 4944 L.
1090 4893 1162 4943 nan.

80 4973 105 5016 ²⁵
231 5001 291 5050 us.
312 5000 359 5050 rr.
396 4999 464 5050 rrr.
484 4999 521 5049 11.
558 4999 669 5049 ramma.
709 4999 1239 5054 aas.n1.s.s1.ar1.s.naa
1256 4999 1432 5065 masuram.
1454 5001 1772 5053 camuranae.

129 5075 149 5128 l·
166 5088 188 5138 s.
206 5088 351 5140 facultates
370 5087 403 5138 R.
422 5087 450 5137 E
458 5091 481 5139 2.
561 5083 706 5152 accipiant]
726 5089 837 5153 capiant
855 5088 913 5139 132.
934 5089 961 5138 E
968 5091 992 5140 2.
1073 5090 1206 5156 portionis
1226 5089 1292 5151 1213
1311 5090 1461 5154 portionem
1482 5089 1539 5140 Rs.
1563 5089 1572 5148 ll
1594 5091 1611 5140 l.
1634 5093 1673 5140 14.
1693 5087 1771 5154 avus]

131 5165 214 5238 its&
231 5195 299 5230 avos
312 5177 345 5228 Ε.
401 5171 457 5242 aut]
476 5177 584 5228 inus.
598 5176 664 5239 En
685 5176 789 5240 etBl;
808 5176 852 5227 vel
868 5177 894 5226 Ε
902 5180 926 5228 2.
949 5177 958 5238 ll
981 5179 998 5228 1.
1014 5180 1054 5228 16.
1068 5177 1221 5242 relinquere
1235 5173 1367 5242 videntur]
1387 5177 1593 5244 relinquatBl.
1616 5179 1625 5240 ΙΙ
1648 5181 1664 5230 1.
1680 5183 1720 5231 17.
1733 5181 1771 5231 fs·

135 5264 224 5318 ninam
243 5267 303 5318 131.
327 5266 336 5328 ll
360 5268 376 5318 1.
397 5267 438 5317 18.
458 5262 536 5331 Item]
555 5267 621 5317 deest
640 5266 705 5328 B2;
724 5267 768 5316 Ita
787 5265 845 5316 Ε2.
896 5273 927 5316 nt
945 5267 1011 5318 deca
1029 5266 1087 5317 ΕΙ.
1139 5283 1218 5317 omne
1236 5267 1297 5318 Rl.
1352 5262 1409 5332 qui]
1429 5285 1481 5333 qua
1501 5268 1560 5318 Rl.
1583 5267 1591 5328 ll
1614 5271 1631 5319 l.
1653 5272 1693 5321 19.
1712 5286 1773 5336 pre·

139 5356 189 5405 asli
206 5357 265 5408 Rl.
287 5355 297 5416 ll
320 5356 336 5406 l.
357 5358 399 5407 20.
419 5358 592 5407 successione
611 5355 672 5406 Rs.
692 5355 751 5406 El.
775 5354 783 5414 ll
806 5357 823 5407 l.
843 5358 886 5407 22.
905 5362 991 5408 morte
1011 5355 1070 5406 121.
1090 5355 1118 5406 E
1125 5359 1149 5406 2.
1213 5351 1315 5420 matris]
1334 5358 1425 5407 mariti
1444 5357 1501 5407 121.
1563 5354 1658 5425 patris]
1680 5361 1773 5410 matris

90 5418 118 5460 ω
141 5437 188 5494 dl.
238 5453 266 5497 at
286 5471 319 5479 -
338 5452 443 5512 patrem
461 5445 511 5494 dea.
530 5444 589 5495 B2.
613 5445 622 5506 Η
645 5445 661 5495 l.
682 5447 724 5496 23.
743 5441 857 5511 patrem]
877 5445 914 5496 ita
934 5445 974 5508 E‚·
992 5452 1105 5496 matrem
1124 5444 1182 5495 ΕΙ.
1206 5445 1215 5505 ΙΙ
1238 5445 1255 5495 l.
1269 5447 1312 5496 24.
1332 5445 1427 5512 equale
1447 5445 1472 5496 Jr
1485 5449 1506 5497 l.
1530 5447 1538 5507 ll
1562 5448 1578 5498 l.
1599 5449 1640 5498 25.
1660 5455 1772 5498 matrem

140 5527 193 5582 deut
210 5535 273 5598 R2;
292 5539 377 5585 matre
397 5533 424 5583 E
431 5536 455 5584 2.
478 5533 487 5595 ll
510 5535 527 5584 1.
547 5528 732 5596 tumuitus]
753 5535 790 5584 ito
808 5533 833 5584 B
844 5538 867 5584 1.
887 5533 953 5596 E23
973 5536 1097 5584 maritum
1118 5533 1176 5584 El.
1231 5536 1345 5585 maritus
1360 5559 1390 5568 —
1407 5530 1475 5599 eius]
1496 5552 1559 5586 cum
1578 5539 1666 5586 mariti
1686 5537 1772 5587 servis

143 5615 191 5674 ss.
211 5623 219 5683 l
241 5626 258 5675 ι.
271 5626 314 5676 ar.
334 5607 397 5688 que]
419 5623 465 5688 qui
483 5623 508 5673 n
522 5625 546 5673 a.
566 5623 628 5673 na.
673 5625 810 5690 potuerint
830 5623 861 5672 Ε.
885 5623 893 5684 ιι
916 5625 933 5674 ι.
947 5625 989 5674 aa.
1008 5623 1049 5673 ne
1071 5649 1103 5658 -
1122 5625 1208 5689 possit
1225 5623 1276 5674 aa.
1296 5623 1357 5674 ss.
1380 5622 1389 5685 u
1413 5625 1429 5675 ι,
1443 5627 1486 5675 31.
1505 5624 1662 5690 relinqueris
1680 5625 1711 5676 Ε.
