4478 6246
688 359 768 414 LEX
791 357 1094 416 VISIGOTHORUM
1117 357 1169 424 111,
1190 356 1218 424 l,
1238 355 1267 412 5.
1744 349 1805 412 129

154 553 258 626 Rene]
297 567 458 610 evacuare
492 544 633 610 noluerit
665 544 719 610 vel
756 545 950 632 nequiverit,
1004 551 1093 622 Em}
1112 558 1266 608 reverentia
1283 557 1400 624 pavidus
1419 564 1475 617 aut,
1491 564 1521 608 ιιι
1537 555 1617 617 solet,
1635 555 1807 624 negligentia
1824 549 1960 622 111,l,t.

151 675 217 718 non
242 650 408 739 oportebit
441 653 536 717 unius
566 651 737 739 tepiditate
770 650 877 716 multis
908 649 950 714 ad

151 759 294 824 firtnrum
328 758 447 824 damna
476 760 609 844 nutriri3
645 759 704 823 sed
734 757 811 823 dum
840 759 950 844 sponsi

151 875 303 953 parentes
327 865 380 929 vel
403 867 577 952 propinqui
602 865 666 931 tale
697 865 819 930 factum
850 886 950 950 agno-

120 975 273 1055 averint‚
309 973 478 1056 universa,
512 995 575 1060 que
603 973 692 1060 plus,
724 995 821 1060 quam
851 994 950 1058 supra

151 1089 298 1144 taxatum
322 1090 380 1161 est,
406 1102 524 1166 sponse
547 1079 677 1144 conlata
700 1089 783 1162 suut,
808 1101 865 1144 suo
887 1080 951 1144 iuri

151 1184 274 1273 absque
299 1187 489 1273 cuiusquam
516 1186 732 1274 preindicium
763 1187 950 1273 perenniter

1005 665 1127 724 deditus,
1157 665 1231 728 quod
1258 663 1375 730 amplius
1402 679 1501 730 sponse
1532 664 1644 715 dederat
1675 680 1805 715 revocare

1004 778 1054 822 aut
1070 787 1206 822 evacuare
1224 769 1344 821 noluerit
1362 769 1406 821 vel
1419 771 1581 836 nequiverit,
1600 787 1655 822 non
1668 771 1806 836 oportebit

1005 879 1084 929 unius
1103 879 1247 944 tepiditate
1267 876 1359 928 multis
1379 878 1414 928 ad
1432 877 1554 927 futurum
1576 878 1675 929 damna
1692 879 1804 939 nutriri;

1004 985 1052 1036 sed
1071 986 1135 1036 dum
1153 985 1248 1051 sponsi
1268 989 1395 1050 parentes
1408 982 1452 1035 vel
1473 985 1621 1050 propinqui
1633 984 1688 1036 tale
1701 985 1804 1035 iactum

1004 1092 1174 1158 agnoverint,
1189 1093 1325 1152 universa,
1339 1107 1392 1157 que
1405 1090 1476 1156 plns,
1490 1107 1572 1157 quam
1585 1106 1670 1156 supra
1681 1097 1804 1142 taxatum

1004 1205 1053 1258 est,
1079 1214 1179 1265 sponse
1199 1197 1309 1249 conlate
1327 1203 1400 1258 sunt,
1426 1212 1475 1248 suo
1501 1199 1554 1247 iuri
1581 1198 1685 1262 absque
1711 1200 1802 1248 cuius-

150 1292 373 1357 vindieabunt.
435 1291 532 1358 Certe
568 1295 594 1358 si
632 1295 698 1357 iam
735 1294 787 1358 vir
825 1292 949 1358 habens

151 1422 301 1482 uxorem,
348 1411 512 1464 transacto
563 1400 688 1465 scilicet
737 1423 839 1483 anno,
889 1423 948 1487 pro

109 1531 134 1570 ιο
151 1506 323 1571 dilectione
354 1506 406 1572 vel
439 1509 555 1572 merito
585 1506 765 1594 coniugalis
800 1506 949 1594 obsequii

152 1615 181 1678 ei
209 1614 334 1700 aliquid
364 1613 486 1678 donare
517 1613 668 1700 elegerit,
704 1613 868 1678 licentiam
900 1615 947 1678 in·

151 1733 341 1786 cunctanter
364 1719 507 1786 habebit.
553 1721 638 1785 Nam
661 1744 727 1785 non
750 1721 844 1784 aliter
863 1720 949 1784 infra

151 1829 226 1892 anni
265 1827 421 1892 circulum
461 1829 595 1892 maritus
635 1828 670 1891 in
707 1850 843 1892 uxorem
890 1849 948 1891 eeu

150 1934 266 2000 mulier
304 1937 337 1998 in
371 1936 538 2017 maritmn,
578 1945 716 2022 excepto
750 1933 876 2016 dotem,
911 1945 948 1998 nt

111 2063 134 2102 n
151 2042 332 2128 predictum
379 2051 444 2122 cst,
490 2041 587 2106 aliam
627 2040 833 2106 donationem
872 2063 947 2106 con-

151 2148 292 2213 scribere
316 2150 489 2235 potnerint‚
519 2150 583 2212 nisi
605 2149 732 2235 gravati
761 2148 947 2212 infirmitate

150 2254 329 2342 periculum
383 2255 444 2320 sibi
496 2255 609 2321 mortis
662 2256 820 2319 inminere
875 2276 947 2342 pre-

151 2363 326 2450 spexcrint.
373 2362 425 2425 De
455 2363 571 2426 ceteris
595 2384 685 2444 vero,
717 2362 773 2448 qui
802 2360 947 2426 nubendi

150 2468 357 2535 volumtatem
383 2467 564 2552 habuerint,
593 2467 716 2533 salubri
746 2469 843 2533 etiam
874 2491 947 2555 pro-

112 2598 135 2637 so
151 2577 253 2662 posite
277 2574 514 2662 providendum
530 2575 838 2662 decernendumque
856 2598 947 2640 cura·

151 2682 272 2764 bimus,
308 2692 343 2746 ut
373 2684 429 2769 qui
458 2684 493 2746 in
521 2683 620 2747 rebus
650 2681 800 2746 omnibus
833 2682 947 2747 decem

152 2791 274 2856 milium
297 2791 473 2857 solidorum
496 2790 646 2856 dominus
670 2812 740 2854 esse
758 2790 946 2870 dinoscitur,

152 2897 191 2962 ad
214 2898 301 2962 mille
326 2898 457 2979 solidos,
487 2920 597 2962 rerum
620 2898 844 2962 universarum
872 2917 947 2960 con-

152 3007 331 3092 tropatione
355 3004 476 3086 habite,
506 3005 541 3068 in
570 3005 700 3068 nomine
728 3005 858 3090 ieponse
889 3024 947 3066 sne

115 3129 136 3170 n
153 3111 257 3176 dotem
282 3111 477 3176 conscribat.
525 3110 587 3176 Oui
618 3121 726 3174 autem
756 3109 843 3174 mille
874 3108 947 3173 soli·

153 3218 263 3284 domm
286 3216 425 3283 facultas
449 3227 507 3300 est,
536 3217 577 3281 de
602 3228 731 3283 centnm
755 3215 866 3280 solidis
890 3214 947 3280 tali

201 3528 254 3588 111,
275 3530 298 3588 l,
318 3530 342 3578 5.
380 3529 397 3577 l.
416 3529 441 3578 4.
466 3528 570 3577 iactum
596 3542 658 3577 eum
683 3525 751 3576 121.
788 3521 797 3584 ΙΙ
834 3525 850 3574 l.
870 3525 894 3573 6.
919 3525 948 3573 in
974 3517 977 3570 Ι

153 3618 257 3682 isponse
270 3617 295 3667 R
306 3620 330 3666 1.
366 3617 418 3666 iuri
432 3633 457 3666 a.
471 3617 632 3682 cuiusquam
644 3615 694 3664 der.
707 3615 733 3664 Ε
743 3616 768 3664 2.
791 3612 799 3675 ll
822 3613 839 3662 l.
849 3615 871 3663 7.
889 3628 948 3677 pre-

152 3706 252 3756 iudicio
271 3706 335 3757 Ε2.
366 3703 376 3766 ΙΙ
407 3706 424 3755 l.
445 3707 485 3756 11.
512 3703 645 3770 helegerit
662 3704 725 3754 ΕΙ.
760 3702 769 3764 ll
803 3703 820 3753 l.
841 3703 882 3751 16.
908 3703 948 3751 in-

115 3795 303 3846 toflrmitatem
323 3795 384 3844 121.
416 3791 425 3854 ll
456 3795 473 3844 l.
495 3795 536 3844 17.
561 3773 703 3855 inminere]
724 3795 752 3842 in
771 3793 866 3842 funere
885 3790 910 3841 R
925 3794 948 3840 1.

153 3883 167 3933 l.
186 3886 227 3936 24.
253 3879 373 3950 inpense]
395 3883 432 3933 ita
455 3883 510 3934 Ill
536 3891 560 3934 et
582 3882 641 3933 Ε2
668 3880 712 3948 (os.
732 3878 822 3943 Em),
848 3896 948 3946 sponse

153 3972 210 4024 Ε2.
257 3967 316 4038 sue]
334 3989 383 4024 een
401 3972 463 4023 121.

1004 1320 1086 1370 quarn
1104 1305 1257 1370 preiudicio
1277 1305 1434 1370 perenniter
1451 1304 1640 1355 vindicabunt.
1678 1303 1757 1354 Certe
1780 1306 1804 1354 si

1002 1413 1057 1462 iam
1082 1413 1124 1462 vir
1149 1412 1252 1462 habens
1278 1427 1399 1471 uxorem,
1425 1417 1564 1462 transacto
1590 1410 1698 1462 scilicet
1722 1428 1803 1471 anno,

1003 1535 1051 1586 pro
1076 1518 1225 1570 dilectione
1251 1517 1295 1568 vel
1322 1519 1418 1570 merito
1446 1518 1600 1584 coniugalis
1626 1519 1751 1583 obsequii
1778 1518 1803 1568 ei

1003 1624 1108 1690 aliquid
1140 1626 1241 1676 donare
1274 1623 1405 1691 elegerit,
1442 1624 1582 1676 licentiam
1612 1626 1804 1675 incunctanter

1002 1733 1122 1783 habebit.
1172 1733 1240 1782 Nam
1271 1748 1327 1782 non
1359 1731 1439 1783 aliter
1472 1732 1543 1782 inlra
1574 1733 1639 1782 anni
1670 1730 1804 1781 circulum

1002 1840 1114 1890 maritus
1133 1840 1162 1889 in
1181 1855 1292 1889 uxorem
1312 1855 1361 1889 seu
1379 1837 1477 1889 mulier
1494 1841 1523 1889 in
1536 1840 1672 1897 maritum,
1686 1846 1803 1903 excepto

1002 1945 1101 2007 dotem,
1121 1951 1152 1996 ut
1173 1947 1325 2012 predictum
1351 1953 1400 2006 est,
1428 1944 1509 1996 aliam
1536 1945 1712 1996 donationem
1738 1961 1802 1995 con·

1001 2054 1122 2104 scribere
1141 2054 1271 2118 poterint,
1291 2054 1343 2103 nisi
1356 2054 1463 2118 gravati
1481 2052 1637 2103 infirmitate
1651 2051 1802 2118 perieulum

1002 2160 1055 2210 sibi
1085 2160 1179 2210 mortis
1211 2161 1350 2211 imminere
1382 2161 1578 2225 prespexerint.
1628 2160 1669 2209 De
1705 2160 1803 2209 ceteris

1001 2282 1075 2326 vero,
1103 2267 1149 2331 qui
1174 2267 1295 2317 nubendi
1322 2265 1492 2317 voluntatem
1518 2267 1671 2326 habuerint,
1700 2263 1803 2316 salubri

1002 2375 1085 2423 etiam
1124 2374 1267 2440 proposito
1309 2373 1506 2438 providendum
1544 2373 1802 2438 decernendumque

1002 2480 1166 2540 curavimus,
1187 2485 1218 2529 nt
1237 2481 1284 2545 qui
1303 2480 1330 2529 in
1351 2480 1431 2530 rebus
1451 2480 1577 2529 omnibns
1591 2479 1685 2529 decem
1697 2477 1803 2529 milium

1002 2585 1153 2636 solidorum
1167 2587 1291 2636 dominus
1306 2602 1365 2636 esse
1379 2585 1539 2644 dinoscitur,
1553 2585 1588 2635 ad
1601 2584 1675 2635 mille
1689 2584 1803 2646 solidos,

1002 2709 1093 2744 rerum
1112 2694 1300 2744 universarum
1313 2693 1522 2758 contropatione
1536 2692 1637 2754 habita,
1651 2693 1681 2742 in
1693 2694 1803 2743 nomine

1002 2815 1102 2867 sponse
1128 2815 1177 2850 sue
1204 2801 1294 2851 dotem
1321 2800 1486 2850 conscribat.
1533 2799 1585 2848 Cui
1610 2805 1702 2850 autem
1728 2798 1803 2850 mille

1001 2906 1153 2959 solidorum
1183 2906 1301 2958 facultas
1332 2913 1388 2967 est,
1421 2905 1454 2956 de
1486 2912 1595 2957 centurn
1626 2904 1721 2956 solidis
1752 2904 1803 2955 tali

1002 3013 1161 3065 adoratione
1185 3014 1277 3065 dotem
1303 3014 1424 3064 lecturus
1448 3020 1496 3064 cet.
1541 3014 1576 3063 Et
1600 3014 1640 3062 sie
1666 3020 1709 3064 sta
1735 3029 1800 3063 con·

1001 3121 1108 3171 stitutio
1129 3120 1228 3172 dotalis
1248 3119 1322 3171 tituli
1347 3120 1382 3170 ad
1409 3119 1530 3170 ultimam
1558 3135 1644 3184 usque
1670 3135 1802 3170 summurn

1001 3228 1076 3277 omni
1096 3228 1284 3279 controversia
1303 3228 1394 3293 sopita
1412 3228 1562 3293 perveniet.

1055 3523 1111 3583 111,
1133 3525 1155 3583 1,
1175 3524 1199 3572 5.
1237 3524 1252 3573 l.
1268 3525 1291 3571 1.
1311 3522 1458 3572 referentia
1478 3519 1505 3570 Ε
1516 3523 1548 3583 1;
1567 3522 1721 3572 reberentie
1740 3519 1802 3570 Ε2.

1003 3619 1033 3662 ιιι
1048 3611 1116 3662 deest
1132 3610 1160 3660 E
1169 3613 1193 3662 2.
1231 3605 1310 3674 solet]
1325 3609 1433 3662 adsolet
1448 3606 1571 3672 (assolet)
1588 3611 1642 3659 Vl.
1657 3611 1681 3660 2.
1695 3611 1719 3660 6.
1734 3609 1802 3660 Pitlt.

1002 3695 1186 3766 neglegentia]
1213 3700 1252 3750 ita
1277 3699 1305 3750 Ε
1322 3702 1351 3762 13
1380 3699 1550 3766 negligentia
1575 3699 1637 3749 Vl.
1665 3701 1688 3749 e.
1718 3699 1803 3760 Itu„-

1001 3788 1175 3855 neglegcntie
1195 3788 1264 3850 Ε2;
1286 3787 1454 3853 negligentis
1473 3796 1527 3838 oett.
1568 3786 1577 3850 ll
1618 3789 1635 3838 l.
1654 3790 1679 3838 4.
1705 3788 1802 3852 tepidi-

1001 3880 1066 3928 tatis
1086 3877 1114 3928 Ε
1124 3880 1148 3928 2.
1165 3878 1222 3928 Va.
1260 3878 1295 3928 ed
1307 3872 1438 3940 futurum]
1451 3877 1489 3926 ito
1502 3875 1530 3926 Ε
1539 3879 1561 3928 l.
1576 3876 1629 3927 Vl.
1644 3879 1669 3928 3.
1680 3879 1704 3927 6.
1717 3877 1803 3938 Pt'td.;

1001 3967 1175 4033 profuturum
1188 3966 1216 4016 Ε
1223 3969 1254 4028 2;
1268 3966 1397 4017 adiutura
1410 3967 1464 4016 Vs.
1478 3967 1503 4016 4.
1518 3967 1541 4016 5.
1555 3965 1626 4017 Mod.
1648 3962 1657 4025 ll
1677 3967 1727 4017 tr.
1741 3961 1802 4030 sno]

1000 4058 1034 4107 al.
1047 4074 1080 4109 m.
1090 4064 1148 4121 post
1159 4055 1219 4106 add.
1234 4055 1262 4105 E
1269 4057 1298 4117 23
1312 4071 1367 4104 non
1381 4054 1435 4105 Vl.
1466 4057 1526 4105 iure
1540 4055 1612 4104 Mad.
1633 4053 1642 4116 ll
1662 4053 1801 4106 111615-

1001 4141 1081 4212 gerit]
1101 4144 1145 4196 vel
1165 4144 1284 4195 voluerit
1302 4144 1363 4194 add.
1382 4143 1454 4194 Mae.
1478 4143 1487 4204 ll
1510 4144 1527 4194 l.
1543 4147 1583 4194 13.
1604 4150 1718 4211 excepta
1738 4147 1802 4195 dote

1008 4235 1064 4284 Vl.
1085 4236 1110 4285 3.
1130 4236 1154 4284 4.
1175 4235 1199 4284 5.
1219 4235 1244 4283 6.
1270 4231 1279 4292 ΙΙ
1305 4234 1322 4283 l.
1337 4235 1378 4282 14.
1399 4232 1455 4283 alin
1474 4234 1622 4284 donatione
1641 4231 1683 4295 Ε,·
1701 4232 1756 4284 alia
1774 4236 1803 4284 in

1001 4323 1149 4375 donatione
1169 4322 1226 4373 Vl.
1259 4321 1268 4382 ll
1299 4322 1317 4372 l·
1333 4324 1373 4372 16.
1391 4316 1589 4388 prespexerint]
1607 4322 1644 4372 ita
1663 4322 1724 4372 El.
1744 4323 1802 4373 Vl.

1002 4414 1026 4463 5.
1041 4415 1068 4473 6;
1083 4413 1266 4477 persenserint
1280 4410 1338 4474 Va;
1352 4413 1541 4477 perspexerint
1553 4419 1607 4461 cett.
1628 4409 1637 4471 ll
1658 4412 1727 4462 t.1e.
1742 4428 1802 4477 pro-

1001 4497 1102 4568 posito]
1121 4501 1291 4568 propositum
1311 4499 1546 4562 E13deestE2.
1578 4497 1587 4560 ΙΙ
1619 4501 1636 4550 l.
1657 4502 1698 4550 19.
1725 4516 1801 4550 eure-

1001 4584 1099 4652 vimus]
1113 4589 1152 4640 lta
1164 4588 1192 4638 Ε
1201 4591 1224 4639 1.
1238 4588 1292 4639 Vt.
1305 4591 1329 4639 2.
1344 4591 1372 4649 6;
1387 4589 1543 4639 curabimus
1555 4589 1610 4638 atii.
1631 4586 1639 4648 ll
1660 4589 1676 4639 l.
1688 4591 1730 4640 21.
1744 4592 1802 4639 uni·

1002 4676 1149 4730 vernalium
1162 4678 1217 4728 Vl.
1253 4678 1489 4744 contropationenr
1501 4676 1562 4728 Ε2.
1581 4675 1589 4737 ll
1607 4678 1624 4727 l.
1635 4680 1677 4729 22.
1691 4679 1801 4744 isponse

1002 4767 1030 4817 Ε
1040 4769 1065 4818 2.
1104 4761 1205 4832 antem]
1224 4773 1315 4817 temen
1333 4765 1396 4817 Ε2.
1419 4765 1428 4828 ΙΙ
1451 4767 1469 4816 l.
1483 4768 1524 4816 24.
1543 4767 1583 4816 sic
1603 4761 1655 4830 sta]
1676 4767 1714 4817 ite
1732 4766 1760 4816 Ε
1770 4769 1801 4828 2;

1002 4859 1098 4908 sicetet
1116 4857 1180 4920 V2;
1198 4857 1222 4906 si
1242 4857 1316 4906 circe
1334 4855 1396 4917 Vt,
1416 4856 1457 4906 sic
1475 4856 1530 4906 iste
1547 4863 1601 4906 eati.
1633 4853 1642 4918 ll
1674 4856 1691 4906 t.
1705 4857 1747 4906 25.
1766 4856 1802 4906 ad

1003 4944 1125 4996 ultimam
1153 4961 1239 5011 usque
1268 4940 1410 5007 summam]
1438 4944 1475 4993 ite
1502 4943 1530 4994 Ε
1548 4946 1578 5006 13
1610 4945 1644 4994 ad
1675 4944 1801 4995 ultimum

1002 5051 1089 5101 usque
1106 5035 1141 5085 ad
1157 5050 1289 5086 summum
1310 5032 1337 5083 Ε
1347 5035 1372 5084 2.
1391 5033 1448 5084 Va.
1468 5037 1492 5083 4.
1506 5035 1531 5083 5.
1545 5033 1633 5095 Maa.,·
1651 5035 1685 5085 ab
1705 5033 1802 5085 ultima

1004 5139 1090 5188 usque
1119 5124 1154 5175 ad
1181 5139 1313 5174 summam
1337 5122 1362 5172 V
1377 5124 1400 5172 1.
1429 5124 1454 5173 2.
1482 5124 1507 5173 6.
1542 5121 1551 5184 ΙΙ
1585 5123 1603 5173 l.
1622 5125 1664 5174 26.
1694 5131 1802 5174 contro·

1003 5213 1119 5263 versiam
1140 5211 1172 5261 Ε.
