4388 6226
363 337 429 399 484
743 339 1039 396 SUPPLEMENTA.
1065 369 1108 378 —
1133 337 1248 394 CONC.
1273 336 1414 392 TOLET.
1439 335 1518 392 XVI.
1544 335 1639 390 XVII.

362 551 467 610 usum,
491 528 582 592 Festi
607 525 772 613 quondam
797 527 985 590 incitatione
1009 525 1223 588 Emeritensis
1247 524 1404 609 episcopi,
1430 522 1528 586 solius
1551 532 1678 588 tantum
1708 523 1819 608 regiae
1849 522 2022 607 potestatis

363 632 505 720 impulsu
540 635 574 697 in
610 632 748 696 eandem
778 632 1017 696 Emeritensem
1052 629 1167 695 urbem
1201 631 1406 694 numerariae
1438 628 1582 693 officium
1617 650 1715 713 agere
1746 630 1900 710 instituit,
1933 627 2024 714 quod

364 741 461 804 etiam
486 740 581 804 unius
606 739 684 802 armi
708 761 850 802 excursu
874 748 987 802 contra
1017 739 1176 802 rationem
1205 737 1351 800 noscitur
1380 737 1558 822 peregisse,
1590 736 1688 799 immo
1720 736 1798 821 quia
1826 757 1888 799 nec
1919 734 2023 798 valuit

363 847 501 932 imperio
526 847 632 931 gentis
661 842 828 927 obsistere,
853 846 953 908 vestri
985 844 1091 908 edicto
1123 843 1253 908 concilii
1277 841 1318 906 ab
1350 841 1466 906 eodem
1490 840 1747 906 Theudemundo
1779 864 1903 928 suaque
1934 841 2023 906 omni

364 954 554 1038 posteritate
585 951 659 1015 talis
690 952 828 1015 actionis
860 951 1002 1016 officium
1034 949 1256 1036 suspendatis3
1295 971 1359 1035 quo
1389 948 1476 1013 nullo
1507 947 1642 1013 ulterius
1672 958 1818 1034 ternpore
1848 959 1915 1011 tam
1950 949 2055 1033 ipses

365 1081 463 1144 quam
495 1059 598 1150 omnis
630 1059 699 1121 eius
730 1059 904 1143 progenies
934 1079 1037 1142 usque
1069 1058 1101 1120 in
1131 1055 1229 1121 finem
1261 1055 1383 1120 saeculi
1412 1054 1453 1119 ob
1484 1055 1568 1118 hanc
1600 1077 1733 1118 eausam
1762 1054 1937 1118 videantur
1966 1053 2022 1118 ali·

366 1177 526 1251 quatenus
550 1162 726 1228 molestari.

473 1280 595 1344 Datum
620 1278 679 1342 sub
704 1278 757 1342 die
781 1277 940 1342 kalendas
957 1278 1062 1342 Maias
1086 1301 1170 1342 anno
1195 1277 1335 1343 feliciter
1357 1287 1449 1341 sexte
1473 1279 1566 1363 regni
1590 1279 1723 1358 nostri1,
1748 1277 1782 1340 in
1798 1277 1864 1340 Dei
1879 1277 2022 1358 nomine,

366 1384 454 1449 sedis
477 1395 608 1450 nostrae
633 1384 757 1449 Toleto.

803 1666 1090 1744 CONCILIUM
1117 1667 1437 1743 TOLETANUM
1463 1667 1586 1742 XVII.

1013 1805 1059 1904 (a.
1089 1807 1172 1896 694,
1203 1805 1299 1878 Νον.
1329 1805 1378 1903 9).

674 1985 830 2050 Teates
853 1985 1059 2050 aereum
1077 1985 1221 2050 REGIS
1248 1985 1469 2050 CONOILIO
1496 1985 1719 2050 OBLATUS.

367 2129 413 2194 In
443 2130 607 2194 nomine
638 2128 815 2192 Domini.
869 2126 1043 2192 Flavius
1070 2127 1203 2213 Egica
1232 2149 1304 2190 rex
1335 2127 1620 2192 sanctissimis
1651 2125 1845 2214 patribus
1875 2128 1916 2190 in
1946 2126 2023 2190 hac

862 2245 1008 2298 saneta
1038 2233 1195 2320 synodo
1226 2231 1527 2298 residentibus.

475 2377 549 2458 Quo
580 2377 696 2440 mentis
732 2375 847 2440 ardore
879 2377 1073 2462 quantisque
1108 2375 1235 2440 facibus
1265 2377 1448 2440 serenitatis
1478 2385 1608 2440 nostrae
1639 2374 1820 2441 sublimitas
1855 2375 2023 2462 religionis
2043 2400 2069 2438 rs

368 2492 500 2548 sanctae
532 2505 641 2547 amore
674 2506 832 2547 succensa
862 2493 1004 2562 aestuet,
1040 2505 1100 2546 nec
1130 2480 1304 2546 verberum
1335 2481 1463 2570 prolixa
1493 2493 1599 2568 potest
1628 2483 1752 2546 ratione
1784 2481 1929 2569 depromi
1960 2505 2023 2546 nee

367 2589 548 2654 litterarum
572 2588 721 2675 apicibus
745 2591 910 2671 annotari,
942 2590 1019 2674 quia
1049 2590 1082 2652 in
1113 2600 1269 2675 quantum
1298 2588 1380 2653 fides
1412 2588 1588 2653 christiana
1620 2588 1836 2674 spiritualium
1866 2590 2024 2653 virtutum

366 2695 489 2760 lumine
513 2695 670 2760 ineffabili
696 2681 938 2782 comparatione
971 2705 1129 2778 coruscat,
1160 2705 1286 2760 tantum
1316 2717 1430 2759 sensus
1459 2696 1561 2760 nostri
1590 2694 1734 2760 brevitas
1764 2695 1905 2760 necdum
1934 2695 2025 2759 valet

368 2803 438 2866 eius
463 2825 614 2866 enarrare
638 2803 804 2888 mysteria.
851 2801 896 2866 At
919 2824 1016 2885 nunc,
1041 2824 1237 2888 quamquam
1261 2801 1491 2888 profunditatis
1515 2802 1617 2887 ipsius
1641 2801 1795 2888 abyssum
1821 2824 2024 2888 nequeamus

368 2909 564 2996 pertingere,
588 2931 708 2994 magna
732 2919 841 2972 tamen
866 2908 995 2972 devotio
1020 2907 1212 2972 elementiae
1235 2919 1366 2972 nostrae
1391 2909 1515 2972 animos
1540 2907 1582 2972 ad
1613 2908 1850 2973 exhortandam
1879 2919 2023 2972 vestram
2042 2934 2070 2973 so

368 3015 620 3080 sanctitudinem
645 3027 830 3102 cognoscat,
856 3015 995 3101 qualiter
1018 3039 1076 3078 vos
1099 3017 1133 3078 in
1156 3015 1219 3080 hac
1242 3025 1355 3079 sancta
1378 3014 1503 3101 synodo
1527 3014 1707 3079 residentes
1731 3016 1878 3102 inprimis
1896 3014 1936 3079 de
1953 3016 2024 3078 eius

368 3123 522 3209 mysterio
547 3121 663 3186 edictis
695 3119 916 3208 spiritualibus
947 3121 1119 3208 disputetis
1150 3132 1183 3186 et
1212 3121 1382 3208 apostolici
1412 3121 1512 3185 vestri
1544 3120 1666 3185 ordinis
1698 3120 1852 3207 dogmata
1880 3121 2024 3207 promul-

367 3230 461 3313 getis,
487 3250 551 3314 quo
574 3227 718 3292 fidelium
749 3227 849 3292 corda
879 3227 1127 3314 incomparabili
1158 3228 1264 3292 sidere
1295 3226 1490 3313 perlustrata
1518 3226 1698 3292 infidelium
1728 3250 1857 3313 quoque
1888 3239 2025 3314 pectora

367 3336 484 3398 mentis
508 3333 675 3420 gressibus
700 3357 720 3398 a
743 3333 887 3400 tenebris
912 3334 954 3398 ad
983 3334 1093 3398 lumen
1124 3357 1282 3400 conversa
1312 3345 1549 3421 pertranseant.
1602 3335 1667 3398 Pro
1697 3334 1848 3400 nefandis
1880 3335 2023 3420 denique

367 3439 499 3505 Iudaeis
523 3443 609 3506 intra
632 3441 713 3505 fines
737 3442 830 3526 regni
854 3442 956 3505 nostri
980 3441 1174 3526 degentibus
1201 3443 1247 3505 ita
1277 3443 1523 3528 praemittimus,
1555 3440 1642 3528 quod
1673 3442 1769 3506 etiarn
1801 3439 1926 3527 absque
1958 3464 2024 3505 non
2043 3466 2069 3504 ss

368 3548 501 3612 minimo
525 3571 672 3612 maerore
703 3547 907 3634 proferimus,
940 3549 995 3634 qui
1026 3546 1068 3611 ab
1098 3549 1190 3612 initio
1220 3550 1426 3634 propriorum
1456 3549 1575 3612 rituum
1607 3570 1715 3611 errore
1746 3547 1876 3634 decepti
1901 3545 2024 3612 Christi

367 3677 486 3718 nemen
509 3652 694 3718 incredibili
718 3657 880 3741 pravitate
903 3665 1107 3739 negaverunt
1129 3655 1327 3741 nefariisque
1348 3653 1505 3718 haetenus
1528 3655 1728 3740 argumentis
1753 3653 1892 3718 eandem
1916 3654 2023 3719 almae

367 3760 445 3824 fidei
475 3772 598 3825 sectam
622 3761 819 3826 deluserunt.
867 3760 1000 3825 Certum
1030 3783 1171 3847 namque
1202 3772 1251 3826 est
1273 3783 1452 3846 verumque
1483 3761 1693 3846 praeconium
1724 3761 1758 3823 in
1789 3770 1906 3824 cuncto
1938 3783 2024 3847 pene

367 3876 526 3932 terrarum
558 3866 636 3932 orbe
666 3868 823 3932 relatione
858 3870 1033 3954 perspicua
1068 3869 1214 3932 extitisse
1248 3867 1434 3952 vulgatum,
1470 3866 1558 3952 quod
1591 3865 1668 3930 fidei
1702 3865 1905 3952 plenitudine
1941 3868 2024 3931 fines

368 3995 497 4061 semper
526 3974 707 4059 Hispaniae
742 3973 936 4056 floruerunt,
971 3973 1058 4038 unde
1088 3985 1232 4038 nostram
1262 3972 1398 4060 gloriam
1429 3996 1556 4038 summa
1585 3973 1667 4037 ratio
1700 3974 1788 4058 cogit
1817 3973 1928 4036 valida
1960 3973 2023 4037 illis
2043 3997 2069 4035 ae

367 4081 546 4145 intentione
581 4082 748 4162 resistere,
789 4104 862 4145 curn
897 4083 931 4144 in
965 4079 1128 4167 aliquibus
1163 4079 1275 4144 mundi
1310 4079 1457 4167 partibus
1497 4078 1576 4144 alios
1611 4079 1763 4143 dicuntur
1797 4089 1911 4143 contra
1947 4103 2024 4144 suos

368 4187 560 4251 christianos
583 4189 748 4273 principes
772 4186 956 4269 resultasse,
981 4187 1153 4273 plerosque
1178 4208 1256 4251 vero
1279 4188 1363 4251 iusto
1386 4186 1453 4250 Dei
1479 4187 1599 4250 iudicio
1624 4208 1643 4249 a
1667 4185 1859 4250 christicolis
1887 4184 2022 4272 regibus

367 4294 577 4380 interemptos
596 4293 713 4376 fuisse,
738 4295 928 4380 praesertim
954 4295 1031 4379 quia
1054 4317 1159 4380 nuper
1181 4293 1361 4357 manifestis
1383 4291 1642 4358 confessionibus
1665 4291 1799 4356 indubie
1823 4294 2021 4374 invenimus,

367 4398 425 4462 hos
453 4401 487 4462 in
511 4401 746 4464 transmarimis
770 4399 917 4485 partibus
941 4399 1112 4464 Hebraeos
1136 4399 1216 4464 alios
1247 4399 1457 4482 consuluisse,
1489 4411 1525 4464 ut
1553 4400 1750 4462 unanimiter
1773 4408 1886 4463 eontra
1915 4421 2022 4484 genus

367 4503 577 4570 christianum
602 4516 747 4591 agerent,
774 4507 1009 4592 praestolantes
1034 4506 1225 4594 perditionis
1256 4528 1333 4570 suae
1363 4516 1502 4592 tempus,
1527 4504 1665 4591 qualiter
1694 4506 1797 4590 ipsius
1822 4504 2021 4569 christianae
2040 4528 2066 4568 ss

366 4608 443 4674 fidei
467 4612 613 4696 regulam
630 4612 863 4699 depravarent3
889 4613 976 4699 quod
1000 4625 1033 4678 et
1055 4635 1114 4698 per
1137 4611 1269 4676 easdem
1292 4611 1522 4698 professiones,
1540 4634 1623 4697 quae
1647 4612 1764 4674 vestris
1788 4610 1921 4675 auribus
1947 4622 2022 4676 sunt

366 4717 573 4799 reserandae,
598 4718 732 4804 patebit.
778 4718 864 4782 Nam
888 4729 920 4782 et
944 4741 963 4782 a
986 4719 1163 4805 primordio
1188 4719 1289 4783 nostri
1316 4719 1484 4803 regiminis
1514 4728 1604 4782 tanta
1627 4717 1688 4782 fuit
1717 4738 1776 4804 pro
1800 4741 1912 4782 eorum
1945 4742 2020 4784 con-

365 4823 516 4887 versione
541 4825 797 4889 mansuetudinis
821 4835 953 4889 nostrae
977 4826 1123 4908 intentio,
1146 4836 1182 4889 ut
1205 4846 1269 4888 non
1293 4824 1397 4889 solum
1425 4824 1562 4889 diversis
1592 4822 1859 4910 persuasionibus
1891 4847 1948 4888 eos
1978 4825 2021 4890 ad

365 4928 463 4992 fidem
489 4927 609 4993 Christi
633 4930 820 5016 pertrahere
845 4953 1047 5013 conaremur,
1071 4953 1185 4995 verum
1209 4932 1306 4996 etiam
1331 4942 1362 4996 et
1385 4933 1549 5018 mancipia
1572 4931 1758 5012 christiana,
1782 4953 1867 5016 quae
1890 4931 2019 5017 pridem

366 5034 407 5098 oh
444 5057 535 5098 suam
565 5035 733 5120 perfidiam
765 5059 824 5122 per
853 5037 935 5123 legis
967 5037 1113 5102 ordinem
1145 5048 1334 5119 caruerunt,
1371 5061 1413 5102 ex
1443 5037 1685 5124 tranquillitatis
1720 5047 1850 5102 nostrae
1886 5037 2019 5104 decreto
2039 5061 2066 5100 re

365 5142 559 5228 reciperent,
591 5142 791 5206 selummodo
822 5155 858 5207 ut
887 5166 946 5229 per
975 5167 1074 5208 verae
1106 5146 1327 5208 conversionis
1357 5145 1568 5231 prepositum,
1600 5143 1738 5230 expulsa
1766 5143 1880 5229 procul
1910 5145 2021 5210 cordis

365 5247 513 5334 perfidia,
538 5270 593 5312 cos
617 5249 729 5312 matris
754 5251 842 5313 sinus
867 5249 1025 5314 ecelesiae
1049 5251 1219 5337 adoptivos
1244 5253 1420 5336 exciperet.
1468 5250 1590 5316 Sedet
1619 5273 1678 5336 per
1708 5251 1869 5314 cautionis
1899 5253 2020 5315 seriem

365 5354 547 5418 iusiurandi
582 5355 788 5419 attestatione
824 5355 965 5420 subnixa
1000 5357 1195 5442 spondentes
1226 5381 1287 5421 nec
1316 5357 1448 5422 tandem
1478 5359 1639 5443 promissa
1673 5356 1930 5443 compleverunt,
1962 5359 2021 5424 sed

365 5462 445 5524 ritus
484 5469 516 5523 et
554 5462 747 5525 cerimonias
787 5461 896 5526 solitas
935 5463 1048 5548 procul
1086 5463 1184 5529 dubio
1223 5465 1329 5549 egisse
1368 5465 1518 5550 perventi
1556 5475 1638 5528 sunt.
1696 5463 1740 5528 Et
1774 5464 1850 5550 quia
1886 5463 2020 5530 divinae

475 5679 504 5750 l)
529 5681 567 5738 D.
596 5682 623 5738 1.
650 5681 723 5739 Μαί.
747 5703 775 5738 α.
798 5703 832 5757 p.
859 5681 926 5739 Chr.
952 5684 1025 5739 693.
2040 5703 2066 5741 45
