4388 6226
328 335 392 398 476
775 344 1072 402 SUPPLEMENTA.
1097 377 1139 386 -
1165 345 1279 402 CONC.
1304 346 1445 402 TOLET.
1470 347 1536 402 XII.

328 529 402 594 Deo
426 529 554 616 placitis
579 532 682 595 infero
707 530 856 596 sensibus
881 532 1119 618 corrigendum,
1145 533 1232 621 quod
1256 533 1437 598 decessoris
1453 534 1555 598 nostri
1571 533 1760 620 praeceptio
1777 531 1988 620 promulgata

328 636 424 722 lege¹
447 639 596 718 sancivit,
622 649 656 702 ut
680 639 784 702 omnis
809 639 920 704 autin
945 640 1153 726 expeditione
1179 641 1342 704 exercitus
1365 663 1430 704 non
1454 639 1667 727 progrediens
1692 651 1748 704 aut
1772 639 1811 704 de
1836 641 1987 704 exercitu

329 744 458 828 fugiens
482 745 666 808 testimonio
691 744 858 830 dignitatis
883 767 960 810 suae
985 747 1027 809 sit
1049 746 1309 811 irrevocabiliter
1332 769 1463 829 carens3
1493 749 1585 812 ouius
1609 747 1790 811 severitatis
1813 747 1986 827 institutiO,

331 849 407 914 dum
431 873 490 937 per
513 861 596 916 totos
620 851 801 938 Hispaniae
825 852 906 917 fines
935 852 1083 918 ordinata
1114 853 1267 935 decurrit,
1299 853 1467 919 dimidiam
1497 854 1565 920 fere
1596 867 1720 940 partem
1750 854 1862 940 populi
1892 855 1985 938 igno-

329 955 447 1021 bilitati
477 969 654 1044 perpetuae
687 956 890 1045 subiugavit,
927 961 972 1024 ita
1001 971 1053 1042 nt,
1084 961 1160 1047 quia
1191 963 1224 1024 in
1255 959 1450 1048 quibusdam
1480 961 1600 1026 villulis
1630 960 1683 1024 vel
1713 961 1883 1025 territoriis
1914 961 2020 1024 sires

329 1065 411 1128 vicis
442 1075 532 1151 peste
564 1064 658 1130 huius
689 1065 908 1130 infamationis
939 1066 1139 1132 habitatores
1172 1069 1315 1154 ipsorum
1350 1067 1494 1133 locorum
1529 1079 1603 1132 sunt
1638 1067 1818 1153 degeneres
1852 1066 1985 1148 redditi,

330 1173 406 1258 quia
429 1170 625 1237 testificandi
649 1171 769 1237 nullam
794 1171 915 1237 habent
942 1173 1117 1255 licentiam,
1141 1175 1288 1239 veritatis
1313 1197 1355 1239 ex
1379 1185 1444 1239 toto
1469 1175 1619 1240 videatur
1649 1175 1808 1238 interiisse
1834 1195 1985 1255 censura,

330 1279 442 1365 sicque
467 1280 596 1364 gemino
620 1279 705 1344 malo
728 1292 816 1344 terra
839 1281 997 1363 atteritur,
1022 1281 1099 1345 dum
1116 1292 1148 1345 et
1163 1281 1276 1346 infami
1292 1280 1436 1368 plebium
1453 1291 1583 1346 notatur
1598 1281 1703 1368 elogio
1722 1292 1753 1345 et
1769 1280 1986 1367 reperiendae

330 1386 476 1450 veritatis
500 1384 687 1451 destituitur
710 1386 907 1451 adiumento.
946 1387 1053 1468 Unde,
1078 1387 1155 1452 licet
1179 1387 1316 1452 eandem
1340 1387 1445 1474 legem
1470 1399 1598 1452 nostrae
1623 1388 1745 1473 gloriae
1769 1387 1986 1452 mansuetudo

330 1502 512 1578 temperare
538 1493 720 1579 disponat2,
745 1505 873 1558 vestrae
897 1505 1007 1558 tamen
1038 1496 1242 1582 paternitatis
1274 1495 1433 1558 sententia
1463 1494 1532 1576 hos,
1564 1496 1619 1581 qui
1649 1517 1708 1581 per
1737 1493 1825 1558 illam
1856 1493 1985 1559 titulum
2006 1519 2034 1558 ro

332 1598 499 1684 dignitatis
524 1589 710 1680 amiserant,
735 1602 884 1666 revestiri
908 1603 1024 1666 itermn
1048 1601 1136 1666 claro
1159 1602 1314 1688 pristinae
1332 1602 1558 1686 generositatis
1574 1603 1757 1666 testimonio
1775 1600 1986 1666 devotissime

333 1717 432 1793 optat,
468 1706 607 1793 qualiter
641 1729 702 1771 nec
737 1718 848 1771 nostra
883 1708 985 1794 gloria
1021 1709 1234 1772 ministerium
1271 1707 1454 1772 crudelitati
1490 1707 1654 1784 adhibeat,
1690 1731 1751 1773 nec
1785 1719 1851 1772 tam
1887 1731 1989 1772 saeva

334 1814 521 1900 praeceptio
553 1825 672 1878 terram
698 1812 757 1879 sub
789 1813 913 1878 diutino
944 1815 1163 1879 infamationis
1194 1814 1304 1900 iugulo
1335 1827 1470 1902 premat.
1524 1814 1607 1879 Nam
1639 1827 1670 1879 et
1701 1815 1761 1880 hoc
1792 1815 1991 1900 generaliter

333 1919 479 2002 obsecro,
505 1931 549 2000 ut,
575 1919 756 2008 quidquid³
779 1921 813 1984 in
837 1934 966 1985 nostrae
991 1921 1113 2006 gloriae
1138 1920 1264 2008 legibus
1289 1920 1476 2002 absurdum,
1509 1921 1669 2008 quidquid
1692 1922 1834 1986 iustitiae
1858 1921 1991 1986 videtur

334 2049 405 2092 esse
437 2027 650 2106 contrarium,
686 2028 908 2092 unanimitatis
943 2039 1071 2092 vestrae
1107 2029 1227 2094 iudicio
1261 2030 1451 2114 corrigatur.
1505 2029 1557 2092 De
1589 2029 1705 2092 ceteris
1741 2040 1849 2092 autem
1880 2031 1990 2092 causis
2010 2053 2037 2093 rs

334 2147 430 2221 atque
459 2135 608 2221 negotiis,
640 2157 724 2220 quae
755 2134 884 2198 novella
914 2147 1102 2222 competunt
1131 2137 1331 2200 institutione
1362 2136 1493 2216 firmari,
1525 2134 1724 2199 evidentium
1756 2137 1991 2200 sententiarum

335 2241 434 2306 titulis
459 2241 626 2306 exaranda
654 2240 859 2322 conscribite,
890 2255 934 2324 ut,
967 2243 1044 2330 quia
1074 2254 1204 2328 praesto
1235 2254 1309 2306 sunt
1339 2241 1481 2327 religiosi
1512 2242 1754 2328 provinciarum
1785 2253 1927 2306 rectores
1958 2255 1991 2306 et

335 2349 586 2414 clarissimorum
611 2349 760 2412 ordinum
784 2350 882 2412 totius
899 2349 1080 2436 Hispaniae
1105 2349 1215 2430 duces,
1240 2348 1509 2434 promulgationis
1532 2360 1661 2412 vestrae
1687 2349 1861 2412 sententias
1878 2371 1990 2413 coram

333 2457 431 2542 positi
454 2469 706 2542 praenoscentes
732 2477 770 2520 eo
794 2455 866 2519 illas
890 2456 923 2519 in
948 2457 1137 2520 commissas
1162 2455 1223 2520 sibi
1249 2468 1405 2520 terrarum
1423 2454 1609 2520 latitudines
1626 2453 1835 2519 inoffensibili
1852 2467 1991 2520 exerant

334 2562 527 2628 iudiciorum
551 2564 714 2642 instantia,
747 2585 810 2649 quo
839 2563 1100 2648 praesentialiter
1130 2564 1318 2626 assistentes
1349 2563 1523 2648 perspicua
1553 2563 1618 2626 oris
1649 2563 1748 2626 vestri
1780 2563 1991 2648 conceperint
2009 2589 2038 2628 ro

333 2670 489 2734 instituta.
544 2669 666 2734 Omnes
702 2681 811 2734 tamen
846 2671 879 2733 in
916 2692 1086 2734 commune
1119 2671 1295 2750 convenio,
1327 2680 1359 2733 et
1388 2691 1446 2732 vos
1478 2680 1586 2754 patres
1618 2670 1837 2732 sanctissimos
1868 2680 1900 2732 et
1929 2692 1990 2732 vos

334 2775 474 2841 illustres
498 2775 592 2841 aulae
616 2777 726 2863 regiae
751 2778 849 2858 viros,
875 2799 955 2862 quos
980 2777 1137 2841 interesse
1155 2775 1229 2840 huic
1247 2787 1359 2840 sancto
1378 2775 1514 2840 concilio
1532 2775 1654 2860 delegit
1669 2786 1779 2840 nostra
1796 2774 1989 2858 sublimitas,

334 2905 393 2970 per
417 2883 519 2948 divini
543 2885 682 2948 nominis
710 2885 949 2948 attestationem
981 2894 1013 2966 et
1042 2881 1219 2947 terribilem
1250 2884 1375 2948 cunctis
1406 2883 1504 2947 futuri
1536 2882 1650 2946 iudicii
1681 2882 1778 2958 diem,
1810 2884 1887 2968 quia
1918 2885 1990 2947 sinc

334 3013 545 3078 personarum
570 2991 760 3077 acceptione
785 2989 894 3076 aliqua
916 2989 969 3054 vel
997 2990 1120 3070 favore,
1152 2991 1220 3054 sine
1245 2989 1353 3077 aliquo
1385 3011 1514 3076 quoque
1546 2999 1601 3053 aut
1630 2989 1792 3075 malignae
1823 3001 1990 3077 contemp-

334 3099 430 3161 tionis
455 3097 605 3184 scrupulo
630 3108 687 3161 aut
709 3095 948 3162 subvertendae
972 3097 1118 3161 veritatis
1143 3095 1258 3177 studio,
1284 3119 1432 3182 quaeque
1458 3119 1491 3159 se
1516 3097 1633 3160 vestris
1657 3094 1805 3160 sensibus
1825 3095 1991 3161 audienda
2009 3123 2037 3162 ss

334 3205 540 3291 ingesserint,
565 3226 644 3268 sana
667 3201 840 3268 verborum
865 3203 1106 3267 examinatione
1130 3203 1293 3284 discutite,
1325 3204 1445 3267 saniori
1469 3225 1598 3290 quoque
1621 3203 1742 3268 iudicio
1768 3201 1989 3289 comprobate,

334 3323 383 3394 ut,
416 3311 603 3376 collatarum
635 3309 745 3375 habita
775 3312 864 3397 prius
896 3308 1128 3375 deliberatione
1160 3332 1346 3391 causarum,
1376 3309 1517 3374 discreta
1547 3310 1647 3373 vestri
1677 3309 1800 3373 ordinis
1831 3310 1991 3374 condatur

334 3417 480 3506 probitas
515 3417 696 3500 titulorum,
728 3417 875 3504 qualiter,
913 3440 985 3482 cum
1019 3439 1077 3481 vos
1112 3440 1202 3482 amor
1236 3418 1410 3503 aequitatis
1445 3417 1479 3480 in
1513 3417 1717 3502 negotiorum
1752 3417 1991 3481 acceleratione

334 3525 514 3590 reddiderit
548 3524 710 3606 fervidos,
751 3523 926 3589 efficientia
961 3546 1089 3611 quoque
1125 3525 1281 3588 iustorum
1318 3545 1451 3609 operum
1488 3533 1659 3588 connectat
1693 3523 1767 3587 Deo
1802 3525 1992 3610 perenniter

335 3631 524 3714 sociandos,
563 3643 599 3697 ut
633 3631 790 3696 bonorum
825 3643 1007 3696 vestrorum
1042 3629 1169 3694 actibus
1204 3629 1420 3694 laetabundus
1456 3641 1487 3693 et
1521 3631 1702 3716 praesentis
1737 3631 1825 3694 vitae
1860 3632 1990 3716 capiam
2009 3659 2037 3698 so

335 3740 459 3806 lucrum
485 3751 516 3804 et
540 3751 745 3804 aeternarum
769 3738 918 3824 perimar
940 3736 1109 3801 vobiscum
1134 3736 1261 3822 gaudiis
1286 3738 1499 3800 mansionum.

441 3847 564 3911 Datum
590 3845 649 3910 sub
674 3845 726 3909 die
750 3846 862 3931 quinto
886 3845 997 3909 iduum
1016 3843 1242 3908 Ianuariarum
1266 3866 1351 3907 anno
1376 3843 1513 3908 feliciter
1536 3845 1639 3930 primo
1664 3845 1779 3930 regni⁴
1803 3845 1989 3908 serenitatis

336 3966 368 4020 et
390 3953 631 4041 tranquillitatis
654 3967 782 4016 nostrae
808 3951 893 4016 sedis
918 3950 1042 4016 Toleto

658 4166 756 4230 LEX
776 4165 832 4228 IN
855 4165 1097 4230 CONFIRMA
1105 4163 1249 4228 TIONE
1275 4163 1489 4228 CONOILII
1508 4163 1664 4228 EDITA.

533 4291 578 4355 ln
608 4291 771 4356 nomine
802 4289 978 4354 Domini.
1031 4288 1205 4352 Flavius
1236 4287 1447 4374 gloriosus
1476 4287 1676 4374 Ervigius
1707 4311 1788 4353 rex.
2007 4315 2036 4355 ss

442 4417 565 4504 Magna
596 4416 683 4480 salus
714 4414 841 4502 populis
872 4415 1042 4500 gentisque
1074 4424 1203 4490 nostrae
1234 4435 1334 4498 regno
1365 4413 1574 4498 conquiritur,
1611 4414 1638 4476 si
1668 4413 1749 4478 haec
1783 4413 1987 4500 synodalium
2034 4401 2037 4408 Δ

337 4525 469 4589 decreta
499 4535 681 4610 gestorum,
718 4522 801 4586 sicut
831 4522 884 4607 pio
915 4521 1097 4584 devotionis
1127 4530 1257 4584 nostrae
1289 4519 1394 4584 studio
1425 4529 1498 4584 acta
1529 4531 1618 4602 sunt,
1654 4522 1699 4585 ita
1729 4519 1987 4585 inconvulsibilis

336 4643 465 4696 nostrae
496 4630 577 4716 legis
608 4629 716 4694 valido
748 4627 877 4693 oraculo
909 4627 1148 4709 confirmentur,
1184 4638 1228 4708 ut,
1259 4625 1346 4713 quod
1381 4627 1585 4691 serenissimo
1621 4639 1750 4693 nostrae
1786 4627 1988 4692 celsitudinis

336 4740 425 4803 iussu
450 4761 469 4802 a
491 4736 687 4802 venerandis
711 4734 856 4823 patribus
884 4745 916 4799 et
947 4733 1134 4799 clarissimis
1165 4732 1276 4820 palatii
1306 4734 1407 4797 nostri
1438 4732 1619 4798 senioribus
1650 4733 1791 4798 discreta
1820 4734 1988 4798 titulorum

337 4846 525 4910 exaratione
556 4855 604 4907 est
635 4843 767 4924 editum,
798 4842 978 4928 praesentis
1009 4841 1103 4905 huius
1134 4839 1215 4925 legis
1245 4851 1375 4904 nostrae
1407 4839 1512 4904 edicto
1544 4839 1585 4904 ab
1616 4829 1751 4906 aemulis
1783 4839 1986 4905 defendatur.
2006 4868 2035 4906 ro

336 4951 396 5015 Est
420 4953 506 5015 enim
530 4950 612 5014 haec
636 4951 720 5041 ipsav
731 4948 874 5013 definitio
899 4971 1059 5013 canonum
1084 4946 1143 5011 sub
1167 4949 1229 5011 isto
1252 4957 1363 5010 notata
1387 4945 1500 5011 ordine
1524 4946 1704 5012 titulorum:

443 5057 468 5121 Ι.
508 5058 560 5121 De
585 5058 696 5142 agnita
720 5067 752 5119 et
776 5054 966 5119 confirmata
990 5054 1160 5120 collatione
1185 5065 1317 5118 sanctae
1342 5054 1508 5119 Trinitatis
1533 5066 1564 5118 et
1594 5055 1832 5141 praeelectione
1863 5054 1987 5148 fastigii

334 5164 523 5252 principalis
535 5169 554 5228 ⁵.

445 5395 474 5466 1)
501 5396 535 5452 L.
559 5395 615 5452 Vir.
641 5394 694 5462 IX,
717 5393 746 5462 2,
768 5393 797 5448 8.
895 5393 925 5462 2)
950 5393 995 5450 Id.
1021 5393 1074 5463 IX,
1098 5392 1126 5462 2,
1148 5393 1176 5448 9.
1275 5391 1304 5462 3)
1332 5391 1380 5463 Os.
1405 5392 1603 5449 Recreaavr'ndi
1625 5400 1724 5448 toulant
1747 5412 1836 5468 supra
1864 5413 1895 5468 p.
1921 5394 1985 5448 474

336 5505 355 5560 l.
374 5503 391 5559 3
408 5523 469 5578 sqq.
563 5501 593 5570 4)
618 5501 657 5556 D.
677 5501 705 5556 9.
723 5500 787 5557 Ian.
812 5520 840 5556 a.
860 5519 892 5575 p.
913 5498 978 5558 Cirr.
998 5499 1070 5556 681.
1165 5497 1194 5568 5)
1221 5497 1364 5557 Goasalcz
1388 5499 1416 5555 in
1441 5499 1559 5556 editione
1581 5499 1688 5556 codices
1710 5499 1842 5574 sequitur,
1867 5499 1917 5574 qui
1938 5501 1988 5557 sub
2006 5518 2035 5557 ro

336 5611 475 5668 titulorum
505 5608 623 5665 rubricis
654 5608 728 5682 ipsos
751 5606 860 5664 concil-ii
883 5626 1004 5664 cunoaca
1021 5607 1170 5681 praebent.
1218 5606 1332 5682 Errigr'r'
1354 5615 1444 5662 urrtcm
1472 5608 1556 5682 legem
1585 5608 1662 5663 solur
1691 5604 1819 5662 rubricas
1847 5607 1989 5682 recepisse

336 5717 469 5774 caristium.
