4448 6226
623 361 703 416 anx
726 361 1029 422 vrsraoruouun
1042 367 1119 434 wnn,
1138 366 1167 434 r,
1188 366 1244 434 183
1271 366 1300 421 a.
1725 357 1788 421 427

137 555 227 628 Noa}
301 570 398 612 onere
437 550 629 634 pregravari
663 550 716 614 vel
750 549 892 616 Iudaicis
927 552 1064 639 amplius
1099 551 1332 618 indictionibus
1367 551 1561 638 implicari,
1584 551 1647 638 qui
1677 553 1790 638 iugum
1808 561 1877 632 xil,
1890 561 1979 634 2,18.

299 653 421 719 Christi
460 655 553 720 dulce
594 657 727 743 eiusque
766 680 847 722 onus
892 658 963 723 leve
1005 682 1064 746 per
1109 659 1242 746 dignam
1289 659 1570 738 conversationem
1613 669 1791 723 noscuntur

298 763 462 848 excipere.
523 762 649 844 Quibus
684 765 782 828 etiam
811 787 923 830 veram
954 765 1051 830 fidem
1088 767 1232 853 perfecte
1267 765 1476 831 credentibus
1509 766 1570 830 erit
1606 765 1789 830 omnimode

298 868 423 934 licitum
460 863 628 934 mercandi
666 894 728 935 usu
765 894 940 958 properare
980 872 1022 937 ad
1066 873 1228 960 cataplum
1272 884 1304 938 et
1347 896 1421 938 cum
1465 857 1649 940 christianis
1692 895 1789 959 agere

299 976 474 1041 christiano
504 999 594 1041 more
619 969 865 1062 commercium,
896 980 1013 1062 itaut,
1043 982 1070 1045 si
1095 979 1231 1067 quilibet
1261 980 1456 1045 christianus
1488 980 1528 1045 de
1559 980 1687 1046 illorum
1715 1003 1790 1045 con-

298 1085 480 1148 versatione
520 1085 704 1170 incognitus
743 1085 972 1172 quodcumque
1003 1088 1043 1152 de
1080 1089 1160 1174 ipsis
1195 1110 1303 1152 emere
1333 1087 1490 1170 voluerit,
1526 1111 1590 1152 non
1610 1085 1613 1095 ¹
1630 1087 1723 1152 aliter
1760 1088 1791 1151 ei

297 1189 418 1273 licebit,
449 1191 513 1254 nisi
536 1192 626 1278 prius
657 1213 698 1255 ex
728 1203 795 1256 toto
826 1192 1038 1259 christianum
1069 1218 1103 1260 se
1133 1217 1204 1259 esse
1236 1195 1357 1260 dixerit
1387 1197 1482 1281 eique
1514 1217 1623 1259 coram
1653 1193 1790 1259 testibus

298 1300 475 1362 orationem
508 1299 705 1362 dominicam
728 1299 781 1363 vel
812 1299 984 1364 simbolum
1015 1303 1205 1392 recitaverit
1232 1301 1461 1389 apostolorum·
1482 1313 1514 1365 et
1544 1300 1792 1367 christianorum

299 1403 400 1486 cibos,
424 1416 460 1469 ut
482 1407 554 1469 veri
578 1405 771 1488 christicole,
796 1409 970 1494 sumpserit
993 1408 1046 1472 vel
1069 1407 1208 1474 libenter
1232 1410 1405 1495 acceperit.
1441 1389 1550 1490 vQuod
1575 1410 1601 1472 si
1630 1409 1792 1495 quispiam

298 1511 338 1576 de
363 1511 486 1576 eisdem
511 1523 622 1577 sancte
650 1512 727 1576 fidei
758 1516 924 1578 conversis
954 1517 1177 1601 prevaricator
1207 1517 1378 1597 exstiterit,
1411 1538 1484 1580 cum
1515 1514 1664 1580 omnibus
1694 1513 1792 1578 rebus

238 1627 239 1632 ’
298 1619 364 1683 suis
389 1629 438 1683 est
467 1620 545 1684 fisco
577 1621 735 1705 perpetim
760 1619 972 1688 addicendus.
1025 1621 1078 1685 Dc
1104 1623 1220 1686 ceteris
1244 1645 1322 1686 vero
1346 1621 1468 1703 Iudeis,
1501 1623 1566 1707 qui,
1598 1621 1631 1684 in
1655 1621 1793 1707 perfidia

298 1725 405 1791 cordis
430 1727 480 1790 sui
502 1738 760 1812 perseverantes,
785 1727 828 1792 ad
852 1727 1044 1793 catholicam
1067 1729 1166 1793 fidem
1190 1729 1337 1793 converti
1360 1728 1575 1814 neglexerint,
1602 1729 1686 1792 hane
1709 1728 1791 1814 legis

299 1834 492 1897 sententiam
526 1832 731 1898 decrevimus
762 1835 977 1920 promulgari:
1013 1835 1139 1900 scilicet
1172 1846 1208 1900 ut
1242 1858 1302 1900 nec
1332 1835 1374 1900 ad
1406 1834 1570 1922 cataplum
1600 1858 1659 1922 pro
1690 1847 1792 1899 trans-

298 1940 431 2004 marinis
455 1941 658 2004 commerciis
681 1940 841 2005 faciendis
868 1941 1003 2006 ulterius
1033 1942 1175 2007 audeant
1204 1964 1379 2030 properare
1409 1965 1471 2007 nec
1503 1965 1577 2007 cum
1608 1941 1793 2007 christianis

299 2046 528 2133 quodcumque
551 2049 716 2133 negotium
740 2048 848 2134 palam
872 2048 925 2114 vel
950 2049 1074 2114 occulte
1092 2071 1274 2136 peragere,
1306 2049 1364 2114 sed
1395 2060 1521 2114 tantum
1551 2051 1636 2114 inter
1666 2071 1700 2113 se
1731 2049 1793 2135 ipsi

298 2152 441 2218 habeant
474 2152 639 2220 licentiam
673 2156 805 2242 propria
840 2158 1036 2220 commercia
1070 2155 1211 2220 diffinire
1247 2179 1285 2220 ac
1321 2179 1409 2220 more
1448 2155 1542 2221 solito
1564 2141 1566 2144 ¹
1585 2157 1635 2220 sui
1677 2177 1793 2219 census

299 2260 535 2346 impensionem
559 2260 612 2324 vel
637 2283 758 2352 corum,
783 2262 838 2348 qui
863 2264 1012 2326 conversi
1036 2263 1166 2344 fuerint,
1191 2262 1426 2340 exsolutionem
1452 2263 1492 2327 de
1523 2261 1622 2327 rebus
1653 2263 1792 2349 propriis

205 2395 212 2408 ·
300 2365 442 2431 debeant
464 2368 543 2432 fiseo
566 2367 769 2454 persolvere3
795 2378 915 2432 ettam
939 2371 1104 2456 mancipia
1127 2393 1223 2456 quam
1249 2369 1388 2452 edificia,
1419 2381 1533 2452 terras,
1558 2371 1672 2434 vineas
1696 2379 1793 2455 atque

300 2474 397 2538 etiam
423 2474 543 2538 oliveta
565 2473 619 2538 vel
643 2474 723 2539 alias
747 2498 968 2562 quascumque
999 2499 1051 2540 res
1081 2474 1274 2558 immobiles,
1306 2499 1387 2562 quas
1417 2499 1437 2540 a
1467 2476 1650 2541 christianis
1681 2475 1793 2540 vendi-

301 2583 397 2645 tionis
415 2603 516 2646 eausa
531 2581 584 2646 vel
601 2581 799 2667 quibuslibet
815 2581 886 2648 aliis
902 2582 1007 2647 modis
1032 2584 1198 2669 accepisse
1222 2595 1410 2665 noscuntur,
1436 2584 1585 2668 quamvis
1608 2583 1673 2646 iem
1693 2581 1794 2647 multa

301 2711 460 2752 annorum
484 2688 646 2754 curricula
670 2687 883 2770 effluxissent,
908 2689 1035 2755 reddito
1052 2700 1160 2754 tamen
1184 2689 1248 2754 illis
1263 2701 1397 2776 propter
1413 2712 1453 2754 ea
1470 2689 1510 2754 de
1528 2688 1659 2776 publico
1676 2690 1793 2775 pretio,

300 2804 402 2860 totum
425 2796 498 2860 fisci
522 2797 583 2860 erit
605 2795 730 2860 viribus
754 2797 955 2879 sociandum,
980 2807 1024 2878 ut,
1056 2799 1109 2862 cui
1133 2797 1195 2861 hoe
1219 2799 1311 2882 regia
1334 2807 1477 2883 potestas
1501 2796 1624 2861 donare
1649 2794 1794 2882 clegerit,

301 2901 403 2966 libero
427 2903 612 2990 perfruatur
635 2902 779 2967 arbitrio.
801 2903 909 2983 ,Nam
932 2916 964 2969 et
988 2905 1183 2991 quicumque
1209 2904 1249 2968 de
1274 2902 1397 2968 eisdem
1414 2902 1524 2967 Iudeis
1547 2903 1582 2966 in
1605 2901 1794 2967 infidelitate

301 3009 555 3096 perdurantibus
594 3011 637 3074 ad
672 3010 833 3097 cataplum
869 3013 916 3076 ire
952 3011 1202 3098 presumpserit,
1238 3022 1294 3075 aut
1329 3032 1402 3075 eum
1438 3009 1582 3096 quolibet
1617 3009 1793 3075 christiano

302 3115 434 3202 aliquod
465 3119 695 3182 commercium
726 3119 839 3204 egerit,
870 3140 945 3184 cum
975 3120 1063 3183 omni
1094 3117 1270 3182 ambitione
1302 3139 1410 3182 rerum
1442 3140 1574 3182 suarum
1606 3116 1794 3202 obiurgatus

302 3225 463 3310 perpetim
493 3224 572 3289 fisco
604 3225 665 3289 erit
695 3225 884 3290 serviturus.
939 3225 1061 3290 Omnes
1091 3247 1170 3290 vero
1201 3225 1394 3288 christianos
1425 3223 1637 3289 admonemus
1672 3233 1704 3286 et
1735 3221 1795 3287 sub

303 3330 406 3395 divini
429 3324 796 3396 nominisadiuratione
819 3341 976 3396 testamur
999 3355 1059 3419 per
1082 3355 1166 3413 eum,
1191 3333 1282 3397 cuius
1306 3317 1468 3456 qedempti
1492 3332 1649 3416 sanguine
1674 3353 1795 3412 smnus,

304 3450 339 3501 ut
363 3437 478 3502 amodo
503 3438 609 3502 nullus
634 3461 708 3502 eum
733 3437 855 3502 eisdem
879 3438 989 3503 Iudeis
1016 3441 1050 3502 in
1080 3438 1217 3525 perfidie
1249 3437 1368 3502 duritia
1398 3436 1663 3524 pennanentibus
1695 3436 1795 3524 quod·

304 3557 442 3631 cumque
467 3546 697 3610 commercium
722 3568 820 3631 agere
844 3556 1019 3632 presumat.
1067 3545 1163 3626 Quod
1188 3548 1215 3610 si
1239 3543 1376 3632 quilibet
1403 3544 1547 3609 fidelium
1574 3543 1652 3608 talia
1683 3545 1796 3628 egerit,

305 3653 330 3716 si
355 3654 459 3716 maior
481 3654 707 3739 patentiorque
731 3675 872 3738 persona
895 3651 1002 3733 faerit,
1027 3664 1093 3717 tres
1117 3655 1187 3717 auri
1211 3651 1312 3716 libras
1335 3652 1415 3716 fisco
1438 3651 1611 3739 persolvat.
1660 3649 1696 3716 si
1724 3651 1796 3736 quis

304 3781 432 3845 quoque
466 3758 604 3844 amplius
635 3757 676 3823 ab
711 3758 774 3822 illis
809 3760 989 3845 acceperit,
1022 3781 1119 3846 quam
1150 3760 1238 3846 quod
1268 3759 1349 3830 duas
1380 3760 1427 3822 rei
1463 3760 1564 3846 ipsius
1600 3759 1796 3844 quantitates

303 3865 413 3930 valere
438 3867 627 3946 constiterit,
653 3864 813 3951 quidquid
838 3888 937 3951 supra
967 3867 1090 3948 emerit,
1121 3865 1252 3952 triplum
1284 3865 1324 3930 de
1355 3889 1414 3929 sua
1444 3865 1596 3929 facultate
1627 3887 1693 3928 una
1723 3887 1797 3927 cum

304 3974 419 4059 pretio,
444 3971 531 4058 quod
555 3972 691 4054 dederit,
722 3972 792 4036 fisci
818 3970 943 4036 viribus
974 3971 1178 4058 profuturum
1208 3973 1343 4036 amittat.
1397 3972 1449 4036 Dc
1480 3969 1687 4035 inferioribus
1718 3993 1796 4034 vero

305 4081 453 4165 personis
490 4081 517 4142 si
553 4080 625 4165 quis
659 4078 739 4144 talia
773 4080 893 4164 egerit,
930 4093 951 4142 0
981 4077 1174 4142 verberibus
1204 4077 1389 4165 vapulabit,
1426 4089 1457 4142 et
1492 4080 1584 4142 iuxta
1618 4077 1704 4163 quod
1740 4100 1797 4142 sue

305 4184 480 4250 habitionis
519 4186 657 4250 facultas
700 4186 876 4268 exstiterit,
923 4186 1044 4249 itaet
1086 4187 1243 4272 principis
1287 4185 1444 4250 electione
1489 4177 1640 4272 specialis
1688 4184 1798 4248 damni

304 4294 462 4357 iacturam
487 4294 640 4378 excipiat.

1642 4431 1644 4438 t
1658 4433 1659 4436 ,

143 4534 232 4606 Era]
294 4524 356 4588 ΙΠ.
377 4523 606 4589 TITULUS1:
636 4524 698 4588 DE
723 4524 947 4589 NOVELLIS
971 4523 1167 4590 LEGIBUS
1191 4523 1443 4604 IUDEORUM,
1469 4523 1562 4604 QUO
1587 4523 1646 4587 ET

377 4631 560 4695 VETERA
585 4629 952 4712 CONFIRMANTUR,
977 4631 1036 4694 ET
1060 4631 1186 4696 NOVA
1209 4630 1413 4696 ADIECTA
1438 4629 1564 4696 SUNT.

292 4755 318 4820 Ι.
357 4755 410 4819 De
435 4757 740 4820 commemoratione
767 4758 949 4843 priscarum
978 4755 1097 4840 legum,
1129 4779 1192 4842 que
1222 4757 1257 4820 in
1280 4755 1454 4820 Iudeorum
1485 4753 1798 4841 transgressionibus

280 4905 282 4910 .
358 4863 561 4948 promulgate
586 4874 670 4944 sunt,
694 4873 792 4950 atque
817 4862 857 4927 de
881 4861 1011 4927 novella
1034 4863 1278 4928 confirmatione
1302 4885 1424 4928 earum.

252 5047 361 5107 xma,
384 5048 424 5096 18.
468 5048 484 5097 l.
505 5049 530 5096 5.
552 5043 725 5110 christianus]
746 5048 953 5098 christianorum
972 5046 1043 5096 Mad.
1075 5045 1084 5106 ll
1116 5048 1132 5097 l.
1153 5049 1177 5097 8.
1198 5053 1283 5113 apost.
1302 5047 1368 5097 deest
1393 5047 1448 5097 Vs.
1481 5041 1491 5109 ΙΙ
1523 5047 1539 5096 Ι.
1562 5048 1601 5096 11.
1622 5053 1713 5096 cetero
1733 5062 1798 5096 vero

146 5135 244 5186 Iudaei
264 5136 335 5186 Mad.
368 5135 377 5196 ll
409 5138 424 5187 l.
442 5136 482 5185 16.
503 5136 613 5185 definire
633 5135 705 5186 Mad.
737 5136 746 5198 ss
778 5137 794 5186 l.
810 5139 851 5187 21.
871 5129 992 5202 publico]
1012 5136 1049 5186 ita
1068 5136 1131 5196 Va·
1151 5137 1217 5186 deest
1235 5136 1306 5186 Mad
1339 5135 1347 5195 ll
1379 5137 1452 5187 ΗΞ).
1473 5130 1568 5200 egerit]
1590 5134 1704 5200 elegerit
1724 5135 1798 5184 1'20.

89 5229 91 5248 ³
146 5220 304 5289 ambitione]
323 5225 359 5275 ita
379 5226 441 5286 Va·
462 5225 601 5276 habitione
621 5225 692 5275 iliad.
725 5225 734 5285 ll
766 5227 838 5276 ΙΙΙ.
858 5226 974 5276 numinis
993 5225 1069 5276 1⁷20.
1102 5223 1110 5284 ll
1142 5225 1159 5275 l.
1179 5227 1221 5275 30.
1249 5241 1367 5290 persona
1386 5225 1452 5275 decet
1473 5224 1528 5275 ΓΒ.
1562 5223 1570 5283 ll
1602 5225 1618 5276 l.
1639 5225 1680 5273 32.
1706 5216 1798 5288 supra]

145 5316 270 5380 superius
288 5315 360 5364 aaa.
393 5314 402 5374 ΙΙ
434 5316 451 5365 l.
470 5316 512 5365 35.
542 5309 699 5378 habitionis]
718 5315 755 5364 ita
773 5315 861 5375 oodd.,·
879 5315 1034 5364 ambitionis
1048 5313 1158 5379 sortasse
1176 5314 1375 5376 aneadandao15
1393 5314 1427 5380 af.
1447 5315 1463 5364 I.
1481 5316 1523 5364 ⁶25.

99 5423 128 5464 45
252 5404 321 5454 TIT.
341 5405 392 5454 III.
428 5403 540 5454 Iremma.
580 5403 656 5454 Oodd.
677 5403 738 5453 El.
759 5404 815 5454 Vl.
836 5405 860 5453 5.
880 5405 904 5454 6.
924 5405 948 5454 8.
978 5427 1010 5437 -
1039 5403 1056 5453 l.
1076 5405 1118 5454 3'l.
1148 5399 1366 5467 III]IIIIE1.

253 5493 334 5544 Iadea
351 5493 527 5558 capitulorum.
567 5490 875 5555 cadd.E1.V(5).e.
905 5517 936 5526 -
966 5492 983 5542 l.
1003 5494 1045 5543 40.
1075 5492 1107 5542 de
1128 5488 1246 5556 novella]
1269 5493 1301 5542 de
1321 5493 1387 5544 deest
1406 5491 1468 5542 ΕΙ.

257 5637 286 5709 Ι)
312 5639 401 5716 Lepas
425 5639 505 5696 haias
529 5639 600 5695 titali
621 5639 657 5695 ab
681 5638 800 5714 Eroipio
830 5657 896 5714 repe
926 5637 1005 5694 laad
1033 5638 1072 5694 ita
1102 5639 1214 5694 maltam
1240 5647 1309 5713 post
1336 5657 1452 5715 repausa
1484 5639 1511 5694 d.
1539 5637 1589 5694 15.
1613 5659 1649 5693 ra.
1676 5635 1802 5694 Octobris

147 5767 175 5803 a.
202 5745 264 5802 680
288 5755 443 5822 susceptam
462 5754 665 5822 praeparatae
688 5755 714 5802 et
736 5753 885 5820 conceptae
908 5763 966 5800 csse
988 5744 1127 5802 videnlur.
1175 5745 1241 5802 Rex
1264 5745 1335 5802 enim
1360 5747 1387 5801 d.
1413 5745 1442 5800 9.
1468 5765 1502 5800 m.
1528 5743 1662 5802 Ianuarii
1683 5763 1710 5800 a.
1737 5743 1797 5799 681

1536 5867 1586 5916 54*
