4448 6226
420 361 484 422 448
901 366 980 421 LEX
1003 365 1306 423 VISIGOTHORUM
1330 367 1396 436 XII,
1416 365 1445 434 3,
1466 357 1516 422 18.
1544 365 1594 422 19.

231 561 399 635 umere.
420 560 506 631 ma}
805 559 913 615 xvm.
952 559 1121 616 rnnvrus
1146 559 1366 618 enonrosus
1390 559 1574 617 anvrerus
1598 561 1688 616 nux.

418 675 471 740 Ut
504 673 725 739 Iudeorum
761 675 875 738 servi
910 673 1083 739 necdum
1118 673 1250 740 adhuc
1290 676 1502 758 conversi,
1543 677 1578 739 si
1616 675 1665 740 ad
1700 673 1860 741 Christi
1895 677 2076 761 gratiam

835 779 1177 864 convolaverint,
1208 779 1411 846 libertate
1442 780 1657 847 donentur.

526 903 608 970 Cum
639 926 699 969 vas
730 903 908 986 electionis,
939 904 1060 969 Paulus
1091 905 1265 990 apostolus,
1296 904 1445 991 predicet
1475 904 1604 970 dicens:
1638 903 1749 970 ‘sive1
1780 927 1839 992 per
1870 907 2076 970 occasionem

419 1013 487 1076 sive
512 1033 571 1097 per
593 1011 775 1091 veritatem,
801 1009 976 1076 dummodo
1001 1009 1151 1075 Christus
1174 1010 1404 1094 adnuntietur’,
1436 1001 1565 1075 salubre
1590 1012 1668 1076 satis
1698 1023 1748 1076 est
1769 1023 1893 1092 votum,
1925 1012 1963 1093 si,
1995 1013 2105 1076 sieuts

418 1117 531 1183 fideles
569 1116 729 1182 libertatis
767 1139 983 1205 provocamus
1027 1116 1070 1182 ad
1111 1119 1268 1203 gratiam,
1314 1119 1361 1182 ita
1403 1116 1588 1182 infidelibus
1630 1119 1836 1183 occasionem
1878 1115 2075 1205 prebeamus

313 1255 316 1262 ι
418 1223 572 1289 veniendi
596 1223 773 1288 advitam.
820 1223 864 1288 Et
886 1222 971 1305 ideo,
1003 1225 1029 1288 si
1061 1225 1134 1311 quis
1157 1223 1333 1289 Iudeorum
1363 1246 1487 1306 servus,
1519 1234 1552 1289 et
1582 1225 1729 1288 servituti
1759 1246 1872 1289 eorum
1901 1223 2075 1311 inplicatus

419 1342 451 1396 et
481 1329 643 1412 moribus,
679 1330 721 1395 ad
752 1329 874 1396 Christi
909 1331 1047 1416 gratiam
1083 1319 1257 1395 convolare
1292 1330 1474 1412 desiderat,
1510 1313 1616 1394 nullus
1651 1353 1725 1395 eum
1761 1341 1878 1395 catena
1913 1331 2075 1394 servitutis

418 1439 568 1520 retineat,
599 1436 706 1502 nullus
736 1437 812 1502 huic
842 1436 900 1502 tali
930 1438 1071 1519 resistat,
1103 1437 1225 1501 nullum
1256 1459 1276 1501 a
1305 1435 1451 1523 quolibet
1480 1436 1559 1501 fidei
1588 1435 1819 1502 offendiculum
1849 1435 1986 1518 habeat3
2019 1435 2075 1500 sed

419 1566 495 1609 mox
518 1554 554 1609 ut
577 1565 612 1608 se
637 1553 669 1608 et
691 1543 893 1631 professione
918 1553 950 1607 et
972 1541 1153 1608 iusiurandi
1168 1542 1384 1608 adtestatione
1401 1543 1612 1608 christianum
1629 1542 1807 1608 ostenderit
1823 1552 1857 1606 et
1871 1541 2074 1606 dominorum
2093 1571 2116 1608 ro

419 1673 551 1715 suorum
574 1650 852 1736 prevaricationes
882 1649 1053 1714 manifeste
1083 1649 1273 1736 prodiderit,
1304 1648 1345 1714 ab
1376 1650 1464 1714 omni
1494 1649 1568 1714 ilico
1599 1649 1763 1713 servitutis
1794 1658 1913 1712 catena
1943 1648 2073 1728 solutus,

420 1779 494 1821 cum
518 1757 605 1821 omni
629 1757 727 1820 etiam
751 1755 879 1842 peculio
904 1778 924 1820 a
947 1755 1077 1821 domino
1102 1778 1159 1821 suo
1184 1755 1346 1837 dimissus,
1369 1754 1528 1830 libertatis
1553 1756 1614 1820 erit
1624 1755 1799 1820 effectibus
1816 1754 2073 1836 contradendum

419 1864 531 1949 sicque
554 1863 735 1949 proveniet,
759 1863 851 1926 utin
875 1860 1024 1927 omnibus
1048 1860 1300 1926 omnino'rebns
1324 1860 1480 1942 ordo'ille
1510 1862 1615 1926 omnis
1645 1863 1679 1926 in
1710 1883 1784 1926 eum
1815 1861 1989 1947 inpleatur,
2021 1863 2073 1948 qui

420 1969 460 2034 de
485 1969 669 2034 christianis
693 1969 864 2054 mancipiis
888 1979 937 2033 est
961 1969 1193 2056 constitutum
1218 1999 1221 2006 ·
1617 1987 1619 1992 ’
1861 1991 1862 1994 ’

229 2141 299 2210 ΧΠ,
311 2140 341 2212 8,
353 2140 399 2196 10.
419 2137 507 2208 mv]
798 2137 921 2194 XVIIII.
961 2135 1128 2194 FLAVIUS
1153 2134 1375 2224 GLORIOSUS
1400 2099 1584 2194 nnvlelus
1609 2137 1698 2192 REX.
2092 2154 2114 2193 u

418 2253 475 2318 Ne
506 2252 627 2317 Iudei
663 2252 1031 2316 administratorio
1066 2275 1141 2316 usu
1175 2250 1248 2315 sub
1285 2247 1692 2340 ordine-'vilicorum
1727 2261 1852 2337 atque
1888 2261 2073 2316 actorum

419 2361 694 2425 christianam
724 2358 928 2424 familiam
960 2381 1108 2445 regere
1144 2357 1340 2441 audeant;
1377 2367 1415 2422 et
1442 2357 1493 2422 de
1528 2357 1688 2422 damnis
1721 2379 1875 2441 eorum,
1913 2359 1983 2444 qui
2014 2357 2074 2421 his

907 2464 1010 2530 talia
1044 2464 1278 2530 ordinanda
1310 2461 1585 2529 ilniunxerint.

527 2591 562 2656 si
586 2591 658 2678 quis
682 2589 857 2655 Iudeorum
888 2612 908 2653 a
932 2588 1076 2675 quolibet
1101 2612 1143 2653 ex
1172 2589 1264 2653 laicis
1295 2567 1501 2653 commissam
1533 2611 1644 2654 curam
1667 2587 1719 2652 vel
1751 2597 1947 2674 potestatem
1978 2611 2075 2676 supro

391 2696 613 2766 ,christianos
645 2697 819 2783 acceperit,
850 2695 884 2760 id
915 2705 974 2776 est,
1010 2705 1045 2760 ut
1076 2694 1260 2759 christianis
1289 2694 1420 2760 familiis
1450 2696 1560 2782 presit,
1598 2691 1753 2781 quicquid
1785 2694 2074 2760 administrationis
2091 2723 2114 2761 a

420 2826 477 2868 sue
509 2826 588 2868 cura
611 2804 700 2866 visus
730 2802 829 2866 fuerit
859 2803 1019 2888 inperare,
1050 2811 1153 2866 totum
1183 2801 1262 2866 fisco
1293 2801 1458 2888 adplicare
1489 2800 1636 2884 debebit;
1667 2803 1713 2865 ita
1741 2811 1777 2864 ut
1805 2802 1878 2887 ipsi,
1912 2804 1968 2888 qui
1992 2802 2074 2867 hanc

419 2909 667 2974 administrandi
691 2909 895 2995 susceperint
919 2931 1040 2990 curam,
1072 2919 1149 2972 etc
1173 2907 1303 2994 flagella
1327 2908 1488 2973 decalvati
1518 2909 1697 2995 suscipiant
1727 2919 1760 2972 et
1788 2907 2000 2974 medietatem
2029 2911 2074 2972 rei

420 3039 476 3081 sue
507 3016 585 3080 fisco
616 3001 805 3084 sociandam
836 3015 996 3079 amittant.
1055 3013 1141 3080 Sane
1173 3016 1200 3078 si
1231 3015 1377 3102 episcopi
1406 3013 1459 3079 vel
1494 3013 1648 3102 quislibet
1685 3037 1728 3108 ex
1765 3014 1993 3079 sacerdotibus
2023 3015 2072 3079 vel

419 3123 584 3205 ministris,
609 3121 736 3186 clericis
761 3143 890 3208 quoque
913 3120 967 3185 vel
997 3120 1175 3202 monachis,
1207 3119 1520 3185 administrationem
1551 3120 1773 3185 ecclesiastice
1804 3123 1852 3184 rei
1882 3121 1947 3185 illis
1978 3143 2074 3208 supra

420 3229 613 3294 christianos
646 3227 842 3316 explendam
877 3229 1093 3310 iniunxerint,
1130 3237 1285 3314 quantum
1315 3227 1350 3291 id
1379 3225 1475 3314 ipsud
1505 3226 1619 3309 fuerit,
1654 3226 1742 3314 quod
1775 3227 1994 3314 inperandum
2029 3229 2073 3291 eis
2091 3255 2113 3294 u

418 3336 636 3422 preceperint,
660 3345 787 3399 tantum
812 3333 852 3398 de
876 3333 971 3399 bouis
995 3334 1201 3420 proprietatis
1226 3355 1283 3398 sue
1306 3333 1385 3397 fiseo
1404 3344 1513 3398 nostro
1530 3332 1763 3420 adplicandum
1778 3335 1937 3400 amittant.
1979 3333 2074 3416 Quod

419 3443 446 3507 si
469 3440 566 3506 rebus
591 3440 773 3528 expoliatus
798 3441 952 3523 extiterit,
977 3439 1075 3504 exilio
1101 3437 1292 3522 subiacebit,
1317 3462 1391 3526 quo,
1416 3439 1549 3504 diutinis
1574 3439 1709 3504 detritus
1731 3440 1911 3526 penitentie
1936 3439 2073 3521 damnis,

418 3548 523 3613 discat
547 3570 645 3634 quam
669 3550 711 3613 sit
733 3549 859 3633 inpium
882 3547 999 3611 infidos
1021 3545 1172 3611 fidelibus
1196 3568 1377 3632 preponere
1401 3545 1595 3610 christianis.

525 3713 635 3772 xlta,
656 3715 697 3762 18.
737 3712 814 3763 Codd.
834 3711 895 3761 ΕΙ.
917 3712 973 3761 171.
994 3714 1017 3760 5.
1040 3707 1049 3772 (
1069 3709 1089 3772 ).
1110 3714 1134 3760 8.
1156 3707 1211 3772 (10.
1231 3707 1286 3772 20).
1317 3735 1348 3744 -
1377 3711 1394 3760 l.
1414 3714 1436 3762 1.
1464 3709 1568 3761 GLOR.
1588 3711 1654 3762 deest
1673 3712 1729 3762 Vl.
1760 3711 1769 3772 ll
1798 3714 1815 3762 1.
1833 3715 1857 3763 2.
1883 3711 1993 3762 sideest
2012 3711 2071 3762 El.

424 3803 487 3852 Vl.
543 3801 644 3852 Christi
672 3796 798 3868 gratiam]
827 3800 963 3851 Christum
989 3800 1058 3861 171;
1086 3800 1139 3850 Dei
1167 3801 1284 3864 gratiam
1312 3799 1383 3849 Mod.
1416 3799 1424 3860 ΙΙ
1456 3801 1473 3849 1.
1493 3801 1517 3850 3.
1546 3795 1764 3865 convolaverint]
1791 3799 1985 3852 convaluerint
2011 3801 2071 3850 1’1.
2090 3815 2113 3854 to

419 3892 543 3942 libertate
563 3890 625 3941 El.
668 3884 816 3954 donentur]
834 3890 978 3940 uariantur
996 3889 1053 3938 178.
1086 3887 1095 3949 ΙΙ
1127 3889 1142 3937 1.
1163 3891 1187 3938 b.
1211 3882 1315 3952 votum]
1334 3893 1460 3938 vocatum
1479 3888 1536 3938 171.
1577 3883 1657 3954 sicut]
1678 3890 1892 3951 sisieutV103
1912 3891 2072 3941 sicutenim

424 3980 498 4030 1720.
531 3979 540 4040 ΙΙ
572 3979 589 4028 1.
609 3981 633 4029 6.
661 3981 700 4030 ita
720 3994 828 4043 quoque
848 3978 919 4028 iliad.
952 3975 961 4036 ΙΙ
993 3979 1009 4027 1.
1026 3980 1050 4028 1.
1074 3976 1201 4027 veniendi
1221 3976 1288 4027 deest
1305 3977 1362 4026 Vl.
1412 3983 1439 4027 et
1458 3971 1594 4040 servituti]
1615 3985 1642 4028 et
1660 3981 1792 4029 servitute
1811 3979 1875 4038 171;
1899 3985 1925 4030 et
1943 3980 2073 4030 servitute

425 4069 492 4130 178;
519 4069 552 4119 de
579 4069 710 4118 servitute
736 4067 808 4116 iliad.
864 4065 1010 4131 inplicatus
1028 4065 1095 4116 deest
1113 4065 1184 4115 nau.
1217 4063 1225 4124 l]
1257 4067 1274 4116 1.
1295 4067 1318 4116 9.
1348 4059 1461 4130 nullum]
1481 4065 1574 4116 nullus
1594 4066 1651 4116 Vl.
1671 4069 1695 4117 8.
1729 4065 1738 4126 11
1770 4070 1849 4118 l.10.
1876 4069 2071 4133 professionem

424 4157 481 4207 171.
500 4159 524 4207 8.
568 4157 778 4228 adtestationem
799 4155 861 4204 El.
881 4155 944 4217 178;
965 4157 1140 4205 attestatione
1158 4163 1213 4205 cett.
1256 4155 1358 4205 domini
1378 4156 1421 4205 sui
1442 4155 1513 4211 llud.
1545 4153 1554 4215 ΙΙ
1586 4156 1603 4205 1.
1624 4157 1665 4206 ΙΙ.
1693 4151 1853 4222 prodiderit]
1873 4155 1917 4206 vel
1937 4157 2072 4223 respuerit

416 4245 567 4296 110111ιαί
622 4239 698 4308 ilico]
721 4245 758 4294 ito
782 4243 810 4293 Ε
826 4246 855 4306 Ι;
882 4243 958 4294 illico
984 4251 1037 4294 cett.
1093 4239 1239 4305 servitutis]
1259 4245 1364 4294 servitii
1384 4243 1446 4294 ΕΙ.
1479 4243 1490 4303 ΙΙ
1521 4245 1600 4295 1.12.
1630 4247 1711 4295 etiam
1731 4239 1851 4310 peculio]
1870 4259 1920 4296 suo
1939 4263 1967 4310 p.
1987 4245 2113 4304 Medusa

417 4335 498 4385 etiam
519 4352 543 4399 p.
563 4349 612 4383 suo
632 4333 689 4384 175.
709 4335 733 4383 8.
756 4335 796 4384 10.
835 4326 972 4395 dimissus]
992 4331 1103 4382 evulsus
1124 4331 1195 4382 trad.
1233 4333 1380 4382 tradendus
1401 4333 1475 4383 1710.
1507 4332 1516 4390 ll
1548 4335 1627 4384 113.
1653 4327 1804 4398 proveniet]
1823 4335 1987 4398 provenient
2006 4332 2071 4392 En

415 4424 560 4488 proveniat
584 4421 608 4470 17
621 4424 651 4483 8;
677 4424 821 4488 perveniat
846 4421 909 4471 171.
966 4422 1091 4472 omnibus
1111 4419 1210 4470 -illo
1230 4416 1326 4485 onmis]
1346 4422 1471 4472 omnibus
1492 4422 1559 4472 ordo
1580 4419 1624 4472 ille
1644 4422 1701 4473 175.
1722 4423 1747 4472 8.
1779 4419 1788 4481 ΙΙ
1819 4422 1836 4470 1.
1859 4423 1899 4471 14.
1929 4422 2071 4488 mancipiis

418 4516 457 4560 est
476 4510 537 4561 El.
558 4510 625 4559 Pieli.

524 4599 586 4658 XII,
607 4601 631 4659 3,
653 4601 693 4649 19.
733 4600 811 4650 Codd.
831 4599 893 4650 ΕΙ.
915 4599 939 4647 V
948 4602 971 4649 1.
991 4602 1015 4649 b.
1038 4597 1087 4661 (6).
1108 4601 1132 4649 8.
1155 4597 1223 4661 (10).
1246 4624 1281 4632 -
1304 4599 1321 4648 1.
1338 4601 1377 4648 15.
1401 4600 1455 4649 ΕΙ..
1477 4623 1509 4632 -
1530 4599 1602 4649 REX
1621 4599 1672 4649 des.
1692 4600 1749 4650 Vs.
1787 4599 1895 4650 GLOR.
1914 4599 1980 4649 doen
2000 4599 2069 4648 l'lO.

417 4687 433 4736 1.
455 4687 495 4736 18.
524 4688 720 4738 ministratorie
741 4688 815 4738 1710.
872 4684 1025 4752 vilicorum]
1050 4689 1087 4738 ita
1114 4687 1141 4736 Ε
1157 4690 1186 4750 1;
1210 4686 1364 4737 villicorum
1384 4696 1438 4737 cett.
1494 4694 1637 4739 auctorum
1657 4688 1714 4738 178.
1745 4687 1755 4748 ΙΙ
1786 4689 1803 4739 1.
1825 4689 1865 4740 11.
1896 4689 2070 4739 christianam
2088 4700 2111 4738 to

417 4769 556 4838 familiam]
577 4776 725 4826 christiana
744 4779 880 4842 mancipia
900 4777 958 4826 171.
978 4779 1002 4827 5.
1022 4779 1046 4827 8.
1084 4779 1131 4841 qui
1150 4771 1202 4839 his]
1221 4778 1263 4826 his
1282 4778 1328 4840 qui
1348 4776 1404 4826 Vl.
1426 4779 1450 4826 8.
1481 4775 1490 4838 ΙΙ
1519 4777 1535 4826 1.
1553 4779 1594 4827 19.
1617 4771 1752 4842 quolibet]
1772 4793 1803 4828 ex
1824 4776 1902 4828 laicis
1920 4778 1983 4828 add.
2002 4777 2070 4828 llud.

417 4858 508 4928 supra]
528 4881 611 4930 super
631 4865 686 4914 171.
707 4865 778 4914 Mad.
810 4863 819 4924 l]
851 4867 868 4916 l.
888 4868 930 4917 20.
959 4867 1066 4930 accepit
1084 4865 1156 4914 Mad.
1202 4864 1230 4914 id
1251 4873 1292 4915 est
1309 4865 1360 4914 des.
1379 4865 1451 4915 Mad.
1483 4864 1492 4924 l]
1524 4866 1541 4915 1.
1562 4867 1604 4915 21.
1633 4865 1765 4932 applicari
1785 4865 1841 4916 1⁷5.
1864 4868 1905 4918 10.
1953 4861 2070 4929 debebit]

417 4952 555 5002 debebunt
573 4952 636 5002 ΕΙ.
692 4959 721 5003 ut
740 4948 803 5019 ipsi]
829 4961 858 5004 ut
877 4957 900 5003 si
921 4955 973 5020 ipsi
993 4953 1054 5004 ΕΙ.
1087 4952 1096 5015 ΙΙ
1128 4955 1145 5004 1.
1165 4955 1206 5004 22.
1236 4955 1400 5020 susciperint
1419 4953 1480 5004 El.
1537 4961 1564 5004 et
1590 4954 1611 5004 C
1636 4955 1662 5004 fl.
1690 4951 1834 5019 decalvati]
1861 4955 1883 5006 C
1909 4955 2019 5021 flagella
2045 4963 2071 5004 et

417 5039 633 5091 decalvationem
653 5042 724 5092 Mad.
762 5042 898 5092 ‹lecalvati
917 5042 972 5093 ead.
991 5061 1024 5091 m.
1043 5060 1106 5093 corr.
1127 5042 1291 5092 decalvandi
1309 5041 1337 5092 Ε
1350 5045 1371 5092 Ι.
1410 5037 1528 5106 reisue]
1548 5059 1767 5094 rerumsuarum
1786 5044 1843 5094 178.
1873 5045 1882 5104 l]
1912 5045 1929 5094 1.
1948 5046 1990 5094 23.
2016 5044 2070 5110 epi·

416 5123 504 5194 scopi]
529 5129 567 5180 ita
592 5130 654 5180 Vl.
681 5133 712 5194 83
739 5133 876 5196 episcopis
904 5131 931 5180 Ε
949 5134 978 5194 1;
1005 5133 1152 5197 episcopus
1178 5130 1246 5180 Pia.
1273 5131 1344 5181 Mad.
1400 5132 1514 5196 quilibet
1539 5131 1611 5182 Mad.
1666 5131 1711 5183 vel
1735 5127 1808 5196 mim]
1833 5149 1882 5184 seu
1909 5135 1974 5183 min.
2000 5133 2068 5183 Mod.
2088 5144 2111 5183 u

416 5217 433 5266 1.
453 5219 494 5267 24.
522 5214 589 5282 illis]
608 5218 680 5269 illius
700 5220 757 5269 171.
778 5222 802 5270 8.
840 5215 933 5285 supra]
953 5220 991 5270 ito
1010 5220 1072 5270 ΕΙ.
1093 5219 1178 5282 Pitb.,·
1196 5235 1277 5284 super
1295 5227 1349 5270 cett.
1381 5218 1391 5280 11
1422 5221 1439 5270 l.
1459 5221 1501 5270 25.
1530 5222 1619 5286 ipsum
1640 5220 1696 5270 171.
1717 5221 1786 5272 Pt'tlr.
1805 5221 1876 5274 Mod.
1915 5223 1990 5288 qnod
2009 5222 2073 5272 deant

416 5304 484 5355 ΕΙ.
524 5305 533 5366 l]
571 5309 587 5358 1.
609 5310 651 5358 26.
684 5303 742 5370 sue]
772 5325 866 5360 eorum
891 5310 954 5359 178.
993 5307 1002 5368 l]
1041 5311 1057 5360 1.
1078 5311 1120 5360 21.
1155 5307 1286 5374 expoliati
1315 5309 1453 5360 extiterint
1480 5308 1563 5360 exilio
1589 5311 1772 5360 subiacebunt
1797 5311 1859 5360 171.
1887 5312 1911 5360 5.
1938 5312 1964 5360 8.
2019 5327 2072 5376 qno

416 5390 537 5459 diutinis]
556 5396 594 5445 ito
613 5395 675 5446 ΕΙ.
695 5397 752 5447 178.
775 5401 822 5460 10;
848 5399 920 5450 unde
941 5399 1052 5448 diutinis
1072 5398 1136 5460 Vm
1163 5397 1235 5462 quod
1256 5399 1332 5448 utin
1350 5397 1391 5448 bis
1411 5397 1475 5458 171;
1501 5399 1590 5449 uthis
1611 5399 1635 5447 17
1644 5400 1674 5462 5;
1702 5415 1754 5464 quo
1780 5399 1884 5450 diutius
1912 5399 1982 5450 Pru.
2003 5399 2072 5450 Mod.

416 5479 539 5547 detritus]
565 5485 602 5534 ito
627 5483 655 5534 Ε
673 5488 696 5535 1.
722 5487 785 5536 VS.
814 5488 854 5537 10.
882 5486 966 5546 Pith.;
992 5487 1124 5538 deteritur
1150 5486 1174 5534 V
1190 5488 1219 5547 13
1246 5487 1429 5538 deterioribus
1455 5487 1524 5548 1⁷53
1553 5488 1677 5539 detentus
1703 5487 1774 5537 Mad.
1812 5485 1821 5546 l]
1861 5488 1878 5537 1.
1899 5489 1943 5538 28.
1977 5489 2072 5539 infidos

415 5572 532 5623 Iudaeos
553 5573 628 5624 1710.
674 5572 810 5639 fidelibus]
830 5575 951 5626 fidelium
971 5575 1032 5626 ΕΙ.
2090 5589 2113 5626 ⁵⁰

514 5713 555 5782 ἰ)
584 5719 710 5794 Plilpp.
738 5720 765 5790 1,
793 5720 842 5776 re.
